1732 2959
122 114 182 161 98
665 115 1054 163 MARTJALIS

122 223 194 268 At
227 221 348 267 mihi
383 221 503 268 cella
537 222 692 278 datur,
731 237 828 267 non
862 226 966 267 tota
1001 222 1130 267 clusa
1165 222 1388 280 fenestra,

188 299 250 345 In
286 315 382 360 qua
415 315 503 346 nec
538 299 716 345 Boreas
751 300 854 360 ipse
887 315 1081 345 manere
1116 300 1248 347 velit.

121 379 200 426 Sic
234 379 454 424 habitare
487 378 624 424 iubes
659 383 872 423 veterem
907 378 1113 424 crudelis
1147 379 1388 425 amicum?

187 456 393 503 Arboris
428 473 540 518 ergo
577 462 689 502 tuae
724 457 878 502 tutior
911 456 1082 518 hospes
1114 473 1205 504 ero,

761 658 961 704 XXV1.
1000 683 1041 705 ιχ

121 797 236 843 Non
271 802 345 843 tot
380 797 432 842 in
467 795 580 842 Eois
615 795 783 840 timuit
818 794 1112 855 Gangeticus
1146 794 1275 839 arvis

188 877 391 939 Raptor,
428 877 481 921 in
517 875 752 936 Hyrcano
788 875 872 935 qui
908 875 1035 935 fugit
1069 875 1206 920 albus
1241 891 1377 937 equo,

122 957 252 1014 Quot
285 962 372 1003 tua
408 957 566 1002 Roma
599 972 750 1002 novas
785 957 924 1015 vidit,
961 956 1258 1014 Germanice,
1292 956 1472 1018 tigres:

189 1038 400 1085 Delicias
435 1038 596 1098 potuit
631 1053 718 1083 nee
753 1053 1006 1083 numerare
1041 1053 1161 1082 suas.

122 1120 296 1167 Vincit
332 1120 626 1182 Erythraeos
661 1125 761 1177 tua,
801 1119 987 1175 Caesar,
1025 1117 1206 1163 harena
1239 1116 1510 1179 triumphos

188 1201 255 1247 Et
289 1201 487 1246 victoris
522 1216 634 1262 opes
668 1200 960 1260 divitiasque
996 1199 1085 1244 dei.

121 1281 252 1328 Nam
283 1298 391 1327 cum
427 1281 642 1342 captivos
678 1286 841 1341 ageret
877 1273 965 1325 sub
1001 1279 1221 1325 curribus
1256 1278 1417 1334 Indos,

187 1362 458 1408 Contentus
493 1363 685 1423 gemina
719 1362 894 1422 tigride
932 1360 1146 1406 Bacchus
1181 1367 1294 1407 erat.

731 1563 995 1610 XXVIII.
1062 1628 1066 1631 .
1154 1556 1156 1559 ’

120 1698 227 1755 Dic,
265 1703 389 1758 toga,
428 1696 624 1742 facundi
662 1701 857 1757 gratum
891 1695 1013 1740 mihi
1047 1711 1224 1740 munus
1258 1695 1413 1752 amici,

187 1778 304 1822 Esse
340 1777 460 1822 velis
496 1777 632 1822 cuius
666 1776 796 1821 fama
832 1775 1073 1836 decusque
1107 1775 1298 1836 gregis‘l

120 1859 321 1920 Appula
357 1857 536 1902 Ledaei
569 1856 662 1902 tibi
698 1856 865 1901 floruit
899 1855 1049 1901 herba
1084 1854 1361 1913 Phalanthi,

187 1939 295 1994 Qua
329 1942 518 1983 saturat
554 1937 769 1983 Calabris
805 1937 936 1982 culta
971 1936 1203 1981 Galaesus
1235 1935 1407 1996 aquis?

119 2018 206 2062 An
241 2016 563 2062 Tartessiacus
599 2016 778 2061 stabuli
812 2015 1028 2062 nutritor
1063 2014 1241 2061 Hiberi

186 2095 352 2142 Baetis
386 2096 440 2140 in
475 2096 716 2156 Hesperia
749 2101 798 2141 te
833 2111 1023 2157 quoque
1058 2094 1181 2140 lavit
1218 2095 1338 2139 ove?

119 2177 205 2223 An
238 2183 325 2223 tua
359 2177 657 2222 multifidum
692 2177 970 2223 numeravit
1004 2177 1116 2222 lana
1149 2176 1416 2231 Timavum,

186 2257 342 2313 Quem
377 2257 484 2318 pius
520 2257 744 2303 astrifero
780 2257 1004 2318 Cyllarus
1039 2272 1121 2303 ore
1155 2257 1315 2302 bibit‘l

117 2337 185 2384 Te
220 2353 308 2383 nec
342 2338 607 2397 Amyclaeo
641 2337 804 2383 decuit
838 2337 989 2383 livere
1025 2353 1225 2394 veneno,

185 2418 236 2463 N
239 2434 289 2464 ec
325 2417 524 2463 Miletos
559 2426 662 2463 erat
698 2417 875 2463 vellere
910 2418 1058 2478 digna
1091 2423 1188 2464 tuo,

120 2495 248 2542 Lilia
281 2501 335 2541 tu
372 2496 526 2542 vincis
560 2511 647 2541 nec
682 2495 838 2541 adhuc
872 2496 1065 2557 delapsa
1098 2496 1314 2556 ligustra,

187 2576 252 2621 Et
286 2577 546 2623 Tiburtino
582 2583 744 2622 monte
780 2577 907 2638 quod
944 2577 1075 2622 albet
1110 2576 1237 2622 ebur.

1579 1130 1604 1179 5

1551 2431 1607 2460 10
