1732 2959
726 95 857 141 LIB.
912 96 952 141 I.

101 207 218 254 Non
251 224 337 254 sex
369 211 571 269 paratur
603 212 690 251 aut
725 205 888 250 decem
923 201 1096 264 sophos
1130 201 1370 246 nummis:

101 285 294 332 Secreta
328 300 503 346 quaere
537 284 751 330 carmina
786 288 835 329 et
869 282 1012 328 rudes
1049 296 1186 327 curas

100 367 231 423 Quas
265 365 404 411 novit
437 380 564 410 unus
598 364 869 424 scrinioque
909 362 1122 422 signatas

101 445 327 493 Custodit
361 445 463 506 ipse
497 443 702 505 virginis
736 448 876 504 pater
910 442 1117 499 chartae,

100 523 234 578 Quae
267 521 387 567 trita
421 520 542 565 duro
576 535 674 564 non
710 518 955 564 inhorruit
988 522 1166 563 mento.

100 600 298 647 Mutare
333 586 582 645 dominum
618 613 717 643 non
752 602 912 658 potest
946 596 1071 641 liber·
1105 600 1259 641 notus.

101 681 194 727 Sed
229 679 475 741 pumicata
509 678 669 740 fronte
703 678 743 722 si
779 676 887 738 quis
922 682 996 722 est
1036 675 1253 721 nondum

99 762 204 808 Nec
239 758 479 805 umbilicis
515 757 674 803 cultus
709 761 855 817 atque
891 755 1183 810 membrana,

99 841 346 888 Mercare:
382 838 503 884 tales
537 836 722 892 habeo;
758 851 845 880 nec
881 834 1000 880 sciet
1034 833 1300 895 quisquam.

99 921 280 968 Aliena
314 917 533 981 quisquis
568 915 740 962 recitat
776 919 825 960 et
859 914 985 976 petit
1018 912 1213 969 famam,

99 1002 215 1048 Non
251 1014 407 1046 emere
441 998 633 1056 librum,
672 995 756 1042 sed
790 994 1041 1040 silentium
1077 993 1231 1039 debet.

734 1324 957 1370 LXVII.

1529 92 1580 138 15

1527 687 1583 717 10

100 1446 247 1492 Liber
280 1445 423 1491 homo
458 1461 507 1490 es
542 1444 764 1502 nimium,
802 1443 921 1489 dicis
956 1441 1090 1499 mihi,
1129 1441 1313 1502 Ceryle,
1352 1456 1548 1502 semper.

167 1527 230 1572 ln
265 1532 313 1572 te
349 1526 433 1588 qui
468 1525 600 1583 dicit,
641 1524 825 1585 Ceryle,
864 1523 989 1569 liber
1023 1523 1167 1568 homo
1202 1528 1285 1570 est.

754 1840 946 1886 LXIX.

301 1962 486 2024 Coepit,
524 1961 757 2020 Maxime,
796 1962 932 2007 Pana
968 1961 1054 2023 qui
1087 1960 1286 2019 solebat,

300 2042 447 2088 Nunc
482 2041 733 2087 ostendere
772 2041 979 2087 Canium
1014 2041 1266 2087 Tarentos.

760 2365 923 2414 LXX.
992 2353 1002 2379 ²

104 2488 244 2535 Vade
283 2489 548 2536 salutatum
588 2505 675 2550 pro
715 2505 806 2548 me,
845 2472 1001 2536 liber:
1037 2490 1109 2535 ire
1147 2489 1327 2535 iuberis

168 2570 252 2615 Ad
293 2551 490 2616 Pfoculi
528 2569 725 2628 nitidos,
767 2569 989 2628 officiose,
1033 2569 1168 2615 lares.
