1732 2959
667 146 798 193 LIB.
849 143 973 189 XII.
1469 134 1557 180 157

152 265 256 311 Nec
290 261 427 309 venit
462 258 637 305 ablatis
671 255 904 301 clamatus
939 264 1089 296 verna
1122 244 1339 303 lacernis,

218 341 424 390 Accedit
458 337 663 400 gelidam
700 348 867 380 servus
902 331 962 376 ad
999 326 1277 382 auriculam,

155 425 220 470 Et
257 423 463 482 “Rogat
495 424 553 463 ut
587 431 746 462 seeum
783 427 922 459 cenes
958 407 1214 455 Laetorius
1233 406 1255 426 ''
1290 402 1462 463 inquit.

219 502 415 565 Viginti
449 498 695 545 nummis?
740 511 838 540 non
874 508 989 553 ego:
1037 488 1164 535 malo
1197 485 1389 540 famem,

156 585 313 641 Quam
348 582 411 627 sit
445 595 562 625 cena
597 576 730 633 mihi,
768 574 861 620 tibi
896 573 959 618 sit
994 566 1242 632 provincia
1275 578 1467 617 meroes,
1512 573 1564 620 15

222 663 289 708 Et
324 660 554 707 faciamus
587 656 730 710 idem,
767 669 855 699 neo
890 663 1158 697 mereamur
1192 644 1332 691 idem.

735 829 937 876 XXIX.

95 945 424 1004 Hermogenes
459 946 627 986 tantus
662 949 957 998 mapparum,
997 929 1211 986 Pontice,
1249 927 1330 974 fur
1365 931 1450 983 est,

162 1025 383 1080 Quantus
417 1034 728 1067 nummorum
761 1017 862 1073 vix,
899 1017 1032 1074 puto,
1069 1010 1234 1056 Massa
1267 1007 1374 1054 fuit.

97 1104 170 1149 Tu
205 1103 318 1148 lieet
353 1101 574 1147 observes
609 1098 829 1142 dextram
865 1099 1126 1150 teneasque
1162 1088 1421 1140 sinistram,

164 1178 404 1234 Inveniet,
443 1189 665 1237 mappam
701 1187 797 1232 qua
831 1167 1017 1215 ratione
1052 1165 1230 1211 trahat.

99 1260 334 1307 Cervinus
369 1257 580 1319 gelidum
617 1253 777 1299 sorbet
811 1251 877 1296 sio
911 1249 1095 1295 halitus
1129 1259 1348 1306 anguem,
1553 1252 1575 1299 5

167 1340 372 1386 Casuras
406 1337 504 1382 alte
539 1335 605 1380 sic
639 1332 767 1394 rapit
802 1331 898 1376 Iris
933 1343 1094 1389 aquas,

98 1419 272 1479 Nuper
305 1433 413 1462 cum
450 1414 648 1475 Myrino
683 1414 928 1472 peteretur
962 1405 1124 1452 missio
1160 1403 1299 1460 laeso,

166 1496 412 1543 Subduxit
446 1508 645 1555 mappas
682 1495 914 1554 quattuor
948 1487 1292 1545 Hermogenes.

102 1579 347 1625 Cretatam
383 1579 576 1636 praetor
611 1588 718 1617 cum
755 1569 904 1614 vellet
939 1569 1132 1612 mittere
1165 1576 1401 1624 mappam,

169 1655 392 1703 Praetori
426 1669 651 1715 mappam
689 1650 880 1711 surpuit
915 1648 1258 1707 Hermogenes
1528 1656 1584 1684 10

107 1737 364 1783 Attulerat
398 1749 624 1795 mappam
658 1747 812 1787 nemo,
851 1729 967 1774 dum
1002 1727 1136 1772 furta
1169 1725 1436 1770 timentur:

169 1816 382 1863 Mantile
417 1830 442 1859 e
477 1828 642 1859 mensa
677 1809 873 1871 surpuit
907 1807 1250 1866 Hermogenes.

106 1897 216 1942 Hoc
251 1910 442 1957 quoque
477 1894 516 1938 si
552 1891 720 1948 deerit,
758 1888 939 1935 medios
974 1885 1240 1944 discingere
1275 1882 1423 1927 lectos

173 1976 550 2035 Mensarumque
585 1972 728 2033 pedes
762 1984 863 2014 non
896 1967 1040 2012 timet
1074 1963 1420 2023 Hermogenes.

111 2055 341 2110 Quamvis
375 2069 474 2098 non
507 2051 693 2097 modico
728 2048 917 2094 caleant
951 2043 1223 2106 spectacula
1258 2040 1369 2093 sole,
1533 2049 1585 2096 15
1650 2080 1655 2084 .

178 2132 302 2178 Vela
335 2131 646 2186 reducuntur,
684 2144 793 2175 cum
828 2125 966 2171 venit
1002 2123 1346 2183 Hermogenes.

111 2212 364 2258 Festinant
397 2210 576 2271 trepidi
610 2208 934 2267 substringere
970 2204 1165 2250 carbasa
1199 2206 1391 2257 nautae,

177 2292 261 2338 Ad
294 2297 488 2354 portum
524 2288 746 2351 quotiens
781 2285 945 2347 paruit
980 2285 1324 2342 Hermogenes.

116 2374 331 2434 Linigeri
365 2371 561 2431 fugiunt
596 2367 721 2414 calvi
755 2367 1045 2426 sistrataque
1080 2362 1238 2419 turba,

180 2454 319 2499 Inter
353 2452 605 2496 adorantes
640 2464 749 2494 oum
785 2446 922 2493 stetit
958 2445 1302 2504 Hermogenes.
1534 2452 1592 2482 20

115 2534 197 2580 Ad
232 2547 399 2578 cenam
434 2531 766 2590 Hermogenes
791 2542 1014 2588 mappam
1038 2541 1135 2570 non
1159 2522 1328 2568 attulit
1361 2533 1592 2580 unquam.

182 2617 232 2660 A
266 2629 381 2660 cena
416 2627 602 2672 semper
635 2609 829 2656 rettulit
864 2608 1206 2667 Hermogenes.
