1732 2959
682 122 812 169 LIB.
873 121 919 168 V.

717 330 872 376 VIII.

191 458 419 504 Edictum
453 451 638 500 domini
672 450 845 510 deique
885 447 1051 504 nostri,

191 537 297 593 Quo
333 532 564 580 subsellia
598 529 804 575 certiora
838 528 965 572 fiunt

190 616 257 661 Et
291 628 437 675 puros
472 625 615 671 eques
651 607 843 653 ordines
878 604 1071 665 recepit,

192 695 325 740 Dum
359 691 528 737 laudat
564 688 705 734 modo
742 685 915 732 Phasis
949 684 998 728 iu
1037 682 1242 736 theatro,

192 772 365 820 Phasis
401 767 655 832 purpureis
689 766 835 811 ruber
869 763 1086 819 lacernis,

193 854 260 899 Et
294 852 445 897 iactat
478 848 667 894 tumido
704 845 937 906 superbus
981 858 1089 888 ore:

197 932 454 978 “Tandem
489 927 785 975 commodius
819 924 932 969 licet
974 922 1151 977 sedere,

193 1016 342 1061 Nunc
377 1019 449 1059 est
484 1010 674 1056 reddita
709 1007 921 1068 dignitas
957 1001 1192 1064 equestris
1209 1018 1220 1059 3

193 1096 354 1141 Turba
388 1108 487 1138 non
520 1088 798 1151 premimur,
838 1100 926 1129 neo
960 1082 1274 1143 inquinamur
1294 1097 1302 1125 :
1322 1081 1342 1099 ''

196 1176 334 1221 Haeo
369 1179 418 1219 et
451 1171 570 1217 talia
605 1169 721 1214 dum
756 1167 905 1211 refert
940 1164 1156 1224 supinus,

195 1255 314 1301 Illas
349 1266 615 1315 purpureas
651 1254 699 1293 et
735 1250 1014 1307 arrogantes

196 1333 347 1380 Iussit
388 1345 581 1390 surgere
619 1327 788 1372 Le‘l'tus
830 1326 1061 1370 lacernas.

730 1543 857 1589 XII.

266 1670 407 1727 Quod
441 1667 670 1713 nutantia
704 1665 866 1711 fronte
901 1661 1139 1724 perticata

268 1752 442 1797 Gestat
475 1748 689 1809 pondera
725 1743 997 1790 Masthlion
1033 1740 1282 1802 superbus,

268 1834 377 1876 Aut
416 1827 610 1890 grandis
646 1825 808 1870 Ninus
845 1822 1069 1868 omnibus
1103 1819 1294 1865 lacertis

272 1910 467 1970 Septem
502 1905 630 1967 quod.
663 1919 837 1965 pueros
872 1902 1003 1946 levat
1038 1898 1116 1944 vel
1151 1904 1270 1952 octo,

269 1990 368 2036 Res
403 2003 500 2032 non
535 1985 742 2031 difficilis
777 1982 899 2028 mihi
940 1980 1148 2035 videtur,

269 2070 387 2116 Uno
422 2084 530 2113 cum
566 2065 719 2126 digito
754 2063 832 2108 vel
872 2063 974 2117 hoo,
1019 2060 1098 2105 vel
1140 2058 1237 2115 illo,

271 2150 443 2195 Portet
484 2145 636 2192 Stella
670 2159 804 2189 meus
841 2142 1006 2187 decem
1039 2139 1237 2201 puellas.

737 2367 883 2414 XIV.

209 2493 382 2540 Sedere
416 2491 572 2552 primo
612 2488 782 2534 solitus
818 2486 871 2531 in
911 2483 1064 2546 gradu
1105 2495 1291 2541 semper

209 2574 358 2629 Tunc,
402 2587 512 2617 oum
547 2570 714 2615 liceret
755 2580 998 2626 occupare,
1039 2560 1309 2616 Nanneius,

1477 115 1536 158 63

1487 1174 1541 1203 10
