1732 2959
114 101 204 147 156
657 95 1044 142 MARTIALJS

309 203 428 250 Non
461 209 617 250 rector
654 202 827 263 Libyci
862 203 999 263 niger
1033 201 1220 257 caballi,

309 283 591 330 Succinctus
625 298 779 344 neque
815 298 979 328 cursor
1014 280 1268 328 antecedit.

312 363 566 424 Nusquam
603 367 677 407 est
711 361 862 406 mulio
879 378 892 420 3
938 361 1161 407 mannuli
1195 359 1438 406 tacebunt.

309 442 350 488 O
386 442 428 488 si
463 441 680 488 conscius
715 447 839 487 esset
873 441 950 486 hie
986 441 1182 497 Avitus,

307 523 497 568 Aurem
531 537 629 566 non
665 536 751 582 ego
786 520 981 566 tertiam
1017 520 1249 566 timerem.
1535 537 1591 567 10

307 602 455 647 Totus
491 616 636 662 quam
671 600 794 645 bene
831 600 898 645 sic
936 599 1036 645 dies
1072 600 1259 646 abiret!

768 874 938 920 XXV.

111 1024 235 1070 Cum
249 1038 363 1085 rogo
387 1028 436 1068 te
455 1038 677 1069 nummos
693 1023 796 1069 sine
814 1024 1027 1085 pignore,
1049 1029 1182 1070 “uon
1206 1025 1400 1084 habeo‚'’
1418 1026 1591 1089 inquis,

176 1102 329 1160 Idem,
367 1102 410 1148 si
443 1118 530 1164 pro
564 1118 639 1147 me
680 1103 882 1163 spondet
917 1104 1113 1164 agellus,
1152 1104 1310 1152 habes.

112 1182 252 1239 Quod
288 1182 409 1228 mihi
443 1198 541 1228 non
577 1182 732 1228 credis
767 1185 934 1240 veteri,
972 1183 1205 1242 Telesine‚
1243 1185 1408 1243 sodali,

178 1262 345 1308 Credis
379 1263 591 1308 coliculis
626 1263 971 1325 arboribusque
1006 1264 1139 1312 meis.

112 1346 248 1403 Ecce,
287 1363 422 1392 reum
458 1346 609 1392 Carus
643 1351 693 1392 te
727 1346 934 1392 detulit:
981 1347 1098 1392 assit
1133 1347 1326 1408 agellus.
1567 1363 1590 1411 5

182 1427 346 1472 Exilio
380 1426 604 1472 comitem
640 1425 864 1487 quaeris?
909 1425 1092 1487 agellus
1127 1433 1215 1473 eat.

755 1675 957 1721 XXVI.

181 1832 432 1892 Sexagena
466 1835 594 1875 teras
630 1845 738 1874 cum
774 1828 943 1873 limina
977 1844 1117 1874 mane
1151 1834 1357 1886 senator,

248 1912 362 1957 Esse
397 1909 490 1956 tibi
523 1909 690 1955 videor
725 1907 991 1954 desidiosus
1026 1923 1181 1969 eques,

184 1990 324 2047 Quod
359 2005 459 2035 non
493 2005 521 2033 a
555 1988 712 2050 prima
747 1987 1013 2032 discurram
1047 1987 1152 2032 luce
1188 2003 1272 2048 per
1307 1988 1474 2034 urbem

249 2071 315 2116 Et
349 2071 554 2116 referam
588 2068 740 2114 lassus
774 2068 906 2113 basia
941 2068 1074 2114 mille
1109 2069 1315 2116 domum.

182 2152 276 2199 Sed
310 2156 366 2196 tu
401 2149 655 2211 purpureis
691 2154 746 2194 ut
780 2149 862 2195 des
896 2165 1023 2195 nova
1057 2149 1253 2195 nomina
1287 2150 1438 2208 fastis,
1570 2168 1593 2216 5

249 2231 357 2276 Aut
391 2229 668 2275 Nomadum
703 2232 869 2287 gentes
905 2226 1301 2289 Cappadocumve
1336 2245 1498 2291 regas:

184 2312 258 2358 At
292 2309 428 2367 mihi,
464 2324 608 2370 quem
644 2308 771 2367 cogis
807 2307 988 2353 medios
1024 2308 1308 2369 obrumpere
1343 2325 1530 2356 somnos

251 2389 315 2435 Et
350 2387 645 2434 matutinum
681 2388 803 2432 ferre
838 2387 1037 2448 patique
1072 2387 1244 2446 lutum,

186 2468 316 2526 Quid
351 2467 569 2529 petitur‘l
616 2465 785 2527 Rupta
819 2481 927 2511 cum
962 2481 1045 2527 pes
1082 2482 1229 2527 vagus
1264 2467 1367 2513 exit
1402 2468 1532 2515 aluta

252 2551 320 2597 Et
354 2549 544 2596 subitus
579 2563 762 2593 crassae
798 2547 976 2594 decidit
1011 2548 1165 2593 imber
1199 2563 1364 2609 aquae,
1543 2567 1596 2596 10
