1732 2959
663 103 794 150 ΜΒ.
855 103 966 151 VII.
1496 106 1552 152 91

777 236 861 283 LI.
899 265 910 294 2,

77 342 286 388 Mercari
319 349 509 388 nostras
544 341 586 387 si
620 347 670 387 te
706 341 850 403 piget,
896 343 1092 401 Urbice,
1130 358 1285 403 nugas

142 423 209 469 Et
242 422 423 468 lasciva
458 427 623 468 tamen
657 423 875 468 carmina
908 439 1048 470 nosse
1083 423 1216 480 libet,

78 503 362 564 Pompeium
399 507 717 562 quaeres—et
751 504 880 548 nosti
915 504 1407 549 forsitan-——Auctum
1429 521 1442 562 3

145 580 334 627 Ultoris
368 581 526 642 prima
561 579 741 626 Martis
775 581 828 626 in
862 582 979 628 aede
1015 582 1178 628 sedet:

77 661 192 706 Iure
227 661 426 705 madens
461 660 692 721 varioque
727 668 868 722 togae
903 661 1102 707 limatus
1136 662 1189 707 in
1223 679 1329 721 usu,
1530 679 1554 726 5

143 741 258 786 Non
292 740 441 786 lector
475 756 611 786 meus
644 740 736 798 hic,
775 741 973 798 Urbice,
1012 742 1095 788 sed
1132 742 1254 788 liber
1289 747 1372 788 est.

79 819 155 865 Sic
190 824 325 864 tenet
359 820 582 865 absentes
616 824 805 865 nostros
840 825 1103 881 cantatque
1139 820 1339 878 libellos,

143 898 220 944 'Ut
255 903 422 959 pereat
457 897 638 943 chartis
673 898 840 944 littera
874 899 1011 944 nulla
1045 899 1176 944 meis.

78 975 314 1037 Denique,
353 976 395 1022 si
430 976 590 1033 vellet,
628 982 819 1038 poterat
854 977 1100 1038 scripsisse
1134 978 1290 1024 videri
1306 995 1319 1037 3

144 1055 236 1101 Sed
271 1055 428 1102 famae
461 1056 646 1101 mavolt
681 1056 763 1101 ille
798 1056 960 1102 favere
994 1072 1138 1102 meae.
1499 1074 1556 1103 10

79 1134 228 1180 Hunc
271 1136 384 1180 licet
432 1151 460 1180 a
508 1135 916 1197 decima-neque
969 1135 1099 1181 enim
1147 1137 1264 1182 satis
1311 1142 1423 1183 ante
1475 1154 1556 1183 va-

274 1216 467 1261 cabit—

145 1296 394 1353 Sollicites,
432 1296 589 1358 capiet
625 1295 795 1343 cenula
829 1313 981 1357 parva
1016 1298 1148 1344 duos.

78 1378 170 1423 Ille
204 1378 344 1438 leget,
382 1377 492 1422 bibe
528 1381 613 1423 tu:
648 1379 784 1423 noles
819 1377 947 1435 licet,
986 1378 1069 1423 ille
1105 1379 1325 1424 sonabit:

142 1456 209 1502 Et
243 1473 351 1502 cum
392 1456 533 1501 “Iam
569 1457 685 1502 satis
720 1457 828 1502 est''
865 1456 1060 1514 dixeris,
1098 1456 1181 1502 ille
1216 1457 1354 1518 leget.

740 1583 882 1629 LIII.

142 1682 319 1728 Omnia
352 1681 530 1727 misisti
564 1680 687 1726 mihi
723 1680 1078 1737 Saturnalibus,
1117 1679 1321 1738 Umber,

209 1762 431 1819 Munera,
469 1761 780 1808 contulerant
815 1777 937 1822 quae
971 1760 1066 1806 tibi
1100 1761 1315 1822 quinque
1351 1761 1464 1818 dies,

142 1842 227 1887 Bis
263 1857 400 1887 senos
435 1841 652 1903 triplices
687 1848 736 1886 et
771 1840 1090 1902 dentiscalpia
1124 1847 1307 1902 septem
1334 1859 1342 1888 :

210 1922 307 1967 His
342 1938 497 1967 comes
532 1922 730 1968 accessit
764 1923 977 1983 spongia,
1016 1938 1204 1983 mappa,
1242 1922 1383 1979 calix,

149 2000 494 2062 Semodiusque
528 2001 667 2047 fabae
701 2017 811 2047 cum
847 2001 1028 2046 vimine
1064 2001 1366 2059 Picenarum,
1409 1999 1419 2017 ²
1472 1992 1475 1993 ⁷
1527 2016 1551 2063 5

209 2081 274 2126 Et
310 2080 571 2126 Laletanae
606 2082 746 2143 nigra
780 2082 955 2142 lagona
990 2097 1162 2143 sapae3

142 2161 394 2222 Parvaque
430 2177 538 2206 cum
575 2162 706 2206 canis
741 2168 983 2207 venerunt
1017 2166 1214 2207 cottana
1248 2163 1417 2223 prunis

208 2240 275 2285 Et
309 2240 519 2301 Libycae
554 2241 632 2286 fici
665 2242 877 2302 pondere
913 2246 1039 2287 testa
1072 2243 1247 2302 graviS.

141 2319 247 2363 Vix
280 2324 399 2380 puto
434 2319 639 2380 triginta
671 2336 984 2366 nummorum
1018 2326 1125 2367 tota
1159 2321 1308 2367 fuisse

204 2397 427 2454 Munera,
464 2414 586 2459 quae
621 2399 826 2459 grandes
861 2404 968 2445 octo
1001 2400 1160 2445 tulere
1195 2398 1318 2461 Syri.
1496 2416 1554 2446 10

143 2476 336 2531 Qua-nto
371 2477 666 2523 commodius
701 2478 838 2524 nullo
872 2479 994 2524 mihi
1028 2479 1157 2525 ferre
1191 2479 1354 2525 labore

206 2558 418 2619 Argenti
451 2559 614 2620 potuit
648 2560 861 2620 pondera
895 2561 1112 2622 quinque
1145 2562 1298 2621 puer!
