1732 2959
141 113 202 159 92
689 114 1079 164 MARTIALIS

801 273 937 322 LIV.
976 302 992 320 ,ι

138 407 335 468 Semper
367 423 508 453 mane
544 407 663 453 mihi
699 408 757 453 de
795 424 870 455 me
904 414 991 455 tua
1025 411 1212 457 somnia
1247 427 1430 470 narras,

203 485 339 541 Quae
373 492 600 532 moveant
634 487 852 532 animum
886 488 1245 551 sollicitentque
1280 506 1454 536 meum.

136 567 243 612 Iam
279 567 412 628 prior
446 566 506 612 ad
542 566 735 624 faecem,
776 567 858 612 sed
892 572 941 613 et
975 567 1092 614 haec
1127 569 1374 616 vindemia
1408 569 1556 627 venit,

202 645 387 691 Exorat
421 650 583 692 noctes
618 645 732 691 dum
771 646 890 691 mihi
924 662 1038 708 saga
1071 653 1194 696 tuas,

136 725 426 787 Consumpsi
460 725 702 787 salsasque
738 726 888 772 molas
923 733 972 773 et
1006 728 1131 774 turis
1166 745 1374 787 acervos,
1588 744 1612 791 5

202 804 470 850 Decrevere
504 820 683 865 greges,
722 806 839 850 dum
874 806 1004 851 cadit
1037 822 1163 868 agna
1196 807 1421 870 frequens
1438 826 1451 868 3

136 883 249 929 Non
283 899 467 945 porcus,
504 900 603 929 non
638 884 818 930 chortis
853 901 979 943 aves,
1017 902 1115 932 non
1149 903 1240 933 ova
1275 894 1547 950 supersunt.

199 964 308 1009 Aut
344 963 492 1024 vigila
527 971 613 1009 aut
649 964 820 1019 dormi,
858 964 1140 1022 Nasidiene,
1178 968 1282 1014 tibi.

796 1147 934 1194 LXI.
974 1175 985 1192 =.

196 1286 488 1332 Abstulerat
522 1292 675 1333 totam
710 1289 995 1334 temerarius
1030 1289 1228 1334 institor
1262 1290 1432 1335 urbem

263 1365 422 1426 Inque
457 1381 543 1411 suo
578 1366 768 1412 nullum
805 1367 972 1413 limine
1008 1368 1156 1413 limen
1193 1374 1308 1414 erat.

196 1444 393 1490 Iussisti
427 1449 610 1503 tenues,
652 1445 952 1505 Germanice,
991 1463 1200 1493 crescere
1236 1447 1379 1506 vicos,

263 1522 330 1568 Et
364 1524 505 1568 modo
539 1539 662 1584 quae
697 1524 859 1571 fuerat
894 1526 1079 1583 semita,
1114 1526 1243 1584 facta
1278 1527 1359 1572 via
1393 1533 1476 1574 est.

195 1603 350 1649 Nulla
385 1606 619 1651 catenatis
653 1606 752 1666 pila
786 1611 859 1651 est
893 1607 1166 1667 praecincta
1199 1606 1398 1667 lagonis,
1584 1622 1607 1668 5

261 1686 366 1733 Nec
402 1692 596 1748 praetor
630 1687 788 1733 medio
824 1687 1013 1748 cogitur
1045 1687 1117 1733 ire
1151 1687 1287 1744 lut03

196 1767 465 1829 Stringitur
499 1768 551 1812 in
587 1767 735 1814 densa
770 1784 857 1813 nec
893 1783 1033 1813 caeca
1067 1767 1304 1813 novacula
1339 1766 1496 1822 turba,

263 1847 480 1908 Occupat
514 1853 601 1893 aut
637 1852 766 1893 totas
802 1847 941 1908 nigra
977 1847 1156 1908 popina
1191 1846 1308 1893 vias.

196 1927 387 1984 Tonsor,
427 1943 558 1988 copo,
596 1943 749 1985 cocus,
787 1927 949 1972 lanius
984 1942 1071 1972 sua
1105 1926 1276 1971 limina
1309 1931 1517 1972 servant.

260 2007 409 2053 Nunc
445 2007 603 2053 Roma
638 2012 723 2064 est,
762 2023 917 2067 nuper
952 2023 1126 2067 magna
1160 2006 1363 2052 taberna
1397 2005 1504 2051 fuit,
1551 2021 1606 2050 10

771 2191 964 2237 LXIX.

194 2332 332 2378 Haec
366 2338 438 2378 est
472 2332 557 2378 illa
594 2332 684 2378 tibi
718 2333 953 2393 promissa
986 2330 1264 2392 Theophila,
1306 2328 1439 2386 Cani,

261 2411 412 2457 Cuius
449 2411 679 2472 Cecropia
713 2417 908 2472 pectora
945 2427 1060 2457 voce
1095 2410 1304 2455 madent.

194 2491 339 2537 Hanc
373 2492 465 2538 sibi
499 2492 604 2538 iure
638 2497 773 2554 petat
808 2492 973 2552 magni
1006 2491 1134 2537 senis
1168 2491 1368 2536 Atticus
1404 2490 1585 2546 hortus,

260 2571 364 2617 Nec
400 2571 560 2617 minus
595 2587 696 2617 esse
731 2587 868 2616 suam
904 2571 1066 2616 Stoica
1101 2571 1246 2615 turba
1282 2570 1413 2616 velit.
