1732 2959
669 124 798 170 LIB.
852 122 944 167 IX.
1453 118 1541 164 111

730 298 882 345 xm.
920 286 930 323 ‘2

74 439 269 484 Nomen
301 435 449 482 habes
482 433 637 480 teneri
672 431 801 494 quod
835 437 1052 493 tempora
1085 434 1335 491 nuncupat
1370 429 1498 486 anni,

78 523 81 525 ’
141 517 263 565 Cum
297 516 443 562 breve
478 513 732 574 Cecropiae
766 528 852 557 ver
885 510 1181 572 populantur
1215 525 1355 570 apes3

76 598 270 643 Nomen
304 594 527 641 Acidalia
559 592 738 637 meruit
772 591 902 652 quod
936 588 1174 635 arundine
1208 589 1356 650 pingi,

143 675 284 731 Quod
319 672 557 736 Cytherea
591 688 676 717 sua
710 670 915 716 scribere
950 667 1129 729 gaudet
1163 684 1282 726 acu;

78 755 271 801 Nomen
305 750 589 813 Erythraeis
624 749 751 811 quod
785 749 951 794 littera
985 747 1114 793 facta
1148 746 1341 808 lapillis,
1526 758 1550 805 5

145 833 348 878 Gemma
381 830 508 892 quod
544 827 811 873 Heliadum
845 825 1015 887 pollice
1049 826 1170 870 trita
1202 829 1371 880 notet3

80 912 218 969 Quod
253 911 404 972 pinna
436 908 676 955 scribente
710 921 853 967 grues
887 904 948 949 ad
982 904 1140 950 sidera
1172 903 1352 948 tollant
1366 920 1379 962 3

147 991 288 1048 Quod
322 990 458 1035 decet
492 989 544 1034 in
579 986 680 1032 sola
716 984 931 1031 Caesaris
965 999 1067 1030 esse
1102 984 1254 1028 domo,

715 1184 816 1231 XV
824 1183 924 1230 III.

86 1330 177 1376 Est
210 1328 330 1374 mihi
366 1327 524 1387 sitque
558 1339 725 1386 precor
758 1323 956 1382 longum
991 1325 1042 1366 te
1077 1317 1307 1381 praeside,
1347 1317 1537 1372 Caesar,

153 1408 260 1454 Rus
294 1406 562 1461 minimum,
600 1402 740 1464 parvi
773 1406 889 1447 sunt
924 1405 973 1445 et
1006 1399 1060 1444 in
1094 1399 1213 1444 urbe
1247 1397 1382 1442 lares.

89 1486 184 1532 Sed
218 1486 278 1531 de
312 1484 437 1530 valle
472 1481 621 1538 brevi,
658 1496 778 1543 quas
812 1479 894 1525 det
929 1477 1207 1524 sitientibus
1241 1475 1406 1532 hortis

155 1565 307 1611 Curta
340 1564 580 1609 laboratas
615 1560 767 1606 antlia
800 1559 931 1604 tollit
967 1573 1144 1619 aquas:

92 1644 226 1690 Sicca
259 1644 428 1689 domus
462 1640 684 1702 queritur
717 1639 853 1684 nullo
888 1654 938 1684 se
971 1653 1078 1682 rore
1111 1636 1277 1693 foveri,
1538 1647 1563 1694 5

158 1723 281 1771 Cum
316 1721 436 1768 mihi
470 1720 630 1766 vicino
667 1718 854 1764 Marcia
887 1716 1024 1763 fonte
1057 1721 1206 1762 sonet.

92 1805 251 1861 Quam
285 1802 472 1848 dederis
505 1801 694 1857 nostris,
735 1798 974 1858 Auguste,
1012 1795 1268 1856 penatibus
1304 1793 1498 1850 undam,

160 1881 364 1930 Castalis
397 1881 513 1926 haec
548 1879 686 1924 nobis
720 1883 806 1924 aut
841 1877 974 1922 Iovis
1008 1876 1163 1920 imber
1197 1874 1300 1920 erit.

773 2082 890 2130 XX.
916 2121 921 2125 .

98 2209 248 2266 Haec,
275 2221 396 2268 quae
430 2210 533 2251 tota
567 2209 703 2266 patet
732 2204 1010 2264 tegiturque
1034 2208 1083 2248 et
1105 2218 1342 2248 marmore
1360 2202 1416 2247 'et
1438 2216 1569 2257 aum,

164 2287 377 2334 Infantis
410 2285 593 2332 domini
628 2284 816 2330 conscia
849 2288 979 2329 terra
1018 2283 1124 2329 fuit.

100 2367 241 2415 Felix
275 2383 303 2412 ο
338 2365 533 2428 quantis
567 2364 730 2411 sonuit
763 2362 1008 2423 vagitibus
1042 2367 1092 2407 et
1126 2378 1244 2423 quas

166 2446 313 2493 Vidit
347 2449 593 2507 reptantes
628 2443 955 2503 sustinuitque
991 2440 1190 2488 manus}

102 2528 202 2574 Hic
237 2531 438 2573 steterat
471 2523 744 2570 veneranda
768 2522 951 2579 domus,
979 2536 1102 2583 quae
1123 2518 1369 2582 praestitit
1393 2518 1499 2564 orbi
1547 2532 1571 2580 5

170 2605 311 2663 Quod
346 2604 544 2650 Rhodos
577 2602 814 2660 astrifero,
852 2602 977 2662 quod
1014 2600 1094 2660 pia
1129 2598 1273 2644 Creta
1307 2597 1427 2659 polo.
