1732 2959
164 75 223 120 26
715 72 1100 119 MARTIALIS

165 183 214 228 Si
254 183 418 228 iubeat
456 181 615 243 patria
651 181 934 226 damnatum
970 181 1197 226 excedere
1236 185 1377 238 terra,

232 263 327 308 Per
362 262 501 319 freta,
543 278 629 323 per
669 261 888 322 scopulos
926 261 1084 307 exulis
1124 261 1203 307 ibo
1241 261 1443 308 comesfl

167 342 267 386 Dat
302 341 394 386 tibi
431 341 641 386 divitias.
717 339 950 400 “Ecquid
991 345 1105 385 sunt
1142 340 1237 385 ista
1274 339 1556 387 duorum‘l’'
1619 355 1642 403 5

231 421 332 467 Das
356 421 570 482 partem?
610 424 638 446 “
656 419 874 465 Multum
899 419 1015 467 est.”
1066 420 1294 477 Candide,
1321 420 1406 466 das
1429 421 1645 481 aliquid?

165 500 359 546 Mecum
400 500 493 546 eris
534 515 645 560 ergo
686 500 861 544 miser:
901 499 1029 560 quod
1070 501 1110 544 si
1152 500 1269 545 deus
1305 515 1386 546 ore
1421 516 1589 546 sereno

230 580 492 637 Annuerit,
535 579 666 637 felix,
713 579 941 637 Candide,
982 580 1110 625 solus
1152 581 1256 626 eris.

805 876 1010 924 XXIX.

165 1000 311 1056 Rufe,
351 999 486 1045 vides
523 999 664 1045 illum
702 999 931 1044 subsellia
968 999 1124 1060 prima
1162 1004 1413 1055 terentem,

232 1079 382 1126 Cuius
419 1087 468 1127 et
505 1083 618 1129 hinc
654 1083 783 1129 lucet
821 1085 1172 1145 sardonychata
1210 1102 1381 1133 manus

165 1159 394 1222 Quaeque
432 1162 595 1223 Tyron
635 1164 815 1210 totiens
861 1172 1115 1225 epotavere
1152 1166 1367 1212 lacernae

231 1239 298 1286 Et
335 1246 448 1303 toga
483 1259 582 1288 non
622 1249 774 1289 tactas
816 1244 1007 1290 vincere
1045 1245 1174 1289 iussa
1213 1246 1364 1303 nives,

166 1318 315 1365 Cuius
351 1320 449 1366 olet
488 1326 592 1368 toto
629 1323 824 1384 pinguis
861 1339 995 1368 coma
1034 1323 1349 1370 Marcelliano
1620 1340 1643 1387 5

232 1400 299 1446 Et
339 1401 595 1462 splendent
633 1404 765 1449 volso
807 1398 1002 1448 brachia
1039 1405 1161 1450 trita
1200 1405 1327 1466 pilo,

165 1479 280 1526 Non
316 1481 543 1528 hesterna
583 1483 717 1530 sedet
755 1484 927 1529 lunata
967 1484 1153 1546 lingula
1185 1486 1366 1547 planta,

231 1561 435 1607 Coccina
468 1578 566 1608 non
600 1563 784 1609 laesum
820 1565 979 1626 pingit
1015 1565 1149 1610 aluta
1173 1553 1363 1626 pedem,

166 1640 232 1684 Et
270 1656 525 1687 numerosa
559 1643 725 1689 linunt
760 1644 1033 1689 stellantem
1069 1645 1255 1706 splenia
1287 1645 1511 1691 frontem.

231 1721 432 1783 Ignoras
468 1723 583 1784 quid
621 1724 716 1770 sit?
753 1724 938 1785 splenia
972 1724 1102 1781 tolle,
1139 1719 1288 1786 leges.'
1588 1743 1646 1774 10

814 2018 987 2064 XXX.

166 2140 345 2186 Mutua
383 2139 562 2200 viginti
603 2139 824 2185 sestertia
863 2139 986 2184 forte
1024 2138 1266 2199 rogabam,

230 2221 365 2275 Quae
410 2219 483 2264 vel
519 2219 722 2265 donanti
757 2236 853 2265 non
888 2234 1034 2280 grave
1069 2233 1247 2263 munus
1282 2223 1396 2263 erat.

165 2302 354 2362 Quippe
388 2300 650 2361 rogabatur
684 2299 898 2360 felixque
933 2304 1165 2358 vetusque
1206 2297 1380 2342 sodalis

231 2382 297 2426 Et
332 2380 468 2426 cuius
502 2379 636 2425 laxas
671 2395 780 2424 arca
814 2378 1025 2438 flagellat
1058 2394 1180 2438 opes.

167 2461 216 2507 Is
250 2461 370 2506 mihi
411 2459 606 2505 “Dives
641 2459 747 2516 eris,
786 2460 827 2504 si
863 2474 1029 2505 causas
1066 2459 1220 2519 egeris
1236 2459 1260 2480 '²
1295 2459 1469 2520 inquit.
1615 2474 1638 2521 5

231 2541 369 2597 Quod
400 2545 511 2601 peto
546 2541 618 2598 da,
660 2540 783 2586 Gai:
820 2555 917 2584 non
952 2544 1063 2600 peto
1095 2539 1359 2584 consilium.
