1732 2959
698 116 830 166 LIB.
888 113 968 161 VI.
1504 105 1564 151 75

226 237 374 285 Ritus
407 232 450 279 si
483 230 705 292 placeant
738 223 832 271 tibi
866 223 1128 274 Laconum,

226 315 496 362 Contentus
530 312 667 370 potes
702 304 836 350 arido
876 314 1054 362 vapore

229 393 391 440 Cruda
423 388 630 450 'Virgine
666 383 914 431 Marciave
947 378 1129 439 mergi3

229 476 362 530 Quae
387 478 488 517 tam
511 466 727 523 candida,
752 470 854 510 tam
878 476 1045 507 serena
1066 459 1208 513 lucet,

230 554 306 601 Ut
339 550 499 597 nullas
533 547 603 592 ibi
637 542 892 605 suspiceris
927 539 1081 585 undas
1516 546 1574 575 20

231 633 299 679 Et
333 618 497 677 credas
532 640 733 672 vacuam
766 622 921 668 nitere
955 617 1148 680 lygdon.

232 712 349 758 Non
373 706 601 763 attendis,
638 712 688 750 et
722 716 838 748 aure
871 714 948 744 me
984 695 1158 757 supina

232 793 342 839 Iam
376 788 560 835 dudum
596 783 735 846 quasi
768 780 1067 841 negligenter
1102 774 1254 821 audis.

235 872 412 917 Illotus
447 865 678 917 morieris,
715 860 947 923 Oppiane.

734 1019 954 1069 XLVII.

105 1152 350 1215 Nympha,
386 1149 484 1195 mei
519 1146 698 1193 Stellae
733 1157 857 1204 quae
890 1140 1025 1186 fonte
1061 1133 1324 1183 domestica
1357 1146 1479 1193 puro

172 1233 371 1280 Laberis
408 1235 456 1276 et
490 1225 674 1273 domini
708 1236 925 1286 gemmea
958 1223 1088 1264 tecta
1122 1214 1269 1271 subis,

108 1315 220 1362 Sive
256 1313 449 1357 Numae
483 1307 696 1354 coniunx
731 1302 926 1349 Triviae
960 1304 1009 1344 te
1043 1296 1177 1342 misit
1211 1295 1272 1340 ab
1308 1290 1476 1348 antris,

176 1394 289 1439 Sive
325 1391 648 1438 Camenarum
683 1385 742 1430 de
777 1396 920 1443 grege
954 1393 1086 1425 nona
1117 1374 1285 1421 venis:

108 1473 313 1521 Exolvit
345 1470 472 1515 votis
505 1468 596 1513 hac
630 1481 679 1511 se
713 1464 804 1509 tibi
841 1460 1029 1521 virgine
1063 1471 1208 1518 porca
1559 1460 1582 1507 5

176 1553 391 1608 Marcus,
426 1548 662 1594 furtivam
697 1543 826 1605 quod
860 1539 985 1586 bibit
1019 1552 1159 1597 aeger
1197 1547 1385 1594 aquam.

110 1634 185 1679 Tu
220 1635 447 1676 contenta
480 1642 587 1672 meo
621 1625 720 1670 iam
755 1620 955 1668 crimine
989 1615 1166 1679 gaudia
1199 1610 1348 1659 fontis

177 1712 256 1757 Da
290 1724 457 1755 secura
491 1706 596 1751 tui:
635 1704 700 1749 sit
734 1701 856 1747 mihi
891 1714 1007 1744 sana
1042 1695 1158 1741 sitis.

770 1871 937 1918 LVII.
996 1877 1046 1917 >s

179 2003 409 2051 Mentiris
441 2003 576 2048 fictos
610 2000 872 2059 unguentO,
909 1991 1116 2047 Phoebe,
1154 1986 1349 2049 capillos

249 2085 314 2130 Et
348 2082 533 2144 tegitur
567 2078 709 2140 pictis
744 2074 935 2121 sordida
969 2071 1106 2118 calva
1140 2068 1298 2114 comis.

182 2164 443 2209 Tonsorem
477 2159 625 2221 capiti
658 2173 756 2202 non
791 2158 864 2200 est
897 2151 1124 2198 adhibere
1157 2161 1374 2193 necesse:

249 2240 439 2285 Radere
473 2242 521 2282 te
555 2233 728 2281 melius
764 2229 974 2293 spongia,
1015 2226 1220 2282 Phoebe,
1257 2226 1427 2285 potest.

760 2392 959 2440 LVIII.

121 2523 326 2568 Cernere
361 2519 644 2566 Parrhasios
679 2515 795 2560 dum
829 2518 878 2558 te
912 2512 1064 2567 iuvat,
1103 2507 1247 2564 Aule,
1284 2504 1465 2550 triones

188 2600 417 2647 Cominus
452 2603 501 2643 et
535 2595 694 2643 Getici
729 2593 883 2639 sidera
918 2592 1043 2636 ferre
1078 2587 1188 2648 poli,
