1732 2959
684 114 814 161 LIB.
877 114 987 161 VII.
1529 117 1589 162 85

373 223 606 267 Auctoris
641 221 822 267 calamo
858 222 933 267 sui
969 226 1191 267 notatos:

372 301 510 346 Haec
543 301 641 346 illis
676 301 886 362 pretium
921 300 1040 346 facit
1074 300 1236 346 litura.

372 382 446 428 At
479 387 536 427 tu
570 398 770 428 munere
805 383 1010 428 delicata
1048 397 1212 444 parvo,

373 458 507 514 Quae
541 460 810 506 cantaberis
845 461 958 506 orbe
993 467 1110 506 nota
1144 466 1262 519 toto,
1528 478 1584 508 10

374 537 560 597 Pignus
594 539 799 599 pectoris
834 538 922 585 hoc
958 540 1053 585 mei
1087 545 1236 599 tuere,

372 617 473 663 Iuli
505 617 796 663 bibliotheca
833 619 1089 665 Martialis.

772 821 921 866 XIX.

175 957 521 1018 Fragmentum
556 957 686 1018 quod
721 956 818 1001 vile
854 962 995 1017 putas
1032 961 1080 1001 et
1116 955 1293 1001 inutile
1328 956 1527 1017 lignum,

242 1036 378 1082 Haec
414 1037 507 1081 fuit
541 1035 697 1096 ignoti
731 1035 887 1096 prima
922 1037 1084 1080 carina
1118 1036 1279 1091 maris,

175 1115 332 1171 Quam
367 1131 455 1160 nec
491 1115 710 1176 Cyaneae
745 1114 988 1175 quondam
1024 1119 1223 1174 potuere
1257 1114 1428 1159 ruinae

241 1194 481 1256 Frangere
515 1211 602 1241 nec
638 1194 853 1255 Scythici
888 1194 1075 1239 tristior
1109 1195 1181 1238 ira
1216 1195 1339 1240 freti.

174 1275 373 1321 Saecula
406 1275 661 1321 vicerunt:
698 1275 780 1321 sed
815 1274 1036 1336 quamvis
1072 1274 1265 1319 cesserit
1300 1275 1452 1332 annis,
1564 1291 1586 1337 5

242 1352 464 1398 Sanctior
499 1359 570 1398 est
606 1352 738 1398 salva
773 1368 922 1414 parva
956 1351 1135 1396 tabella
1169 1358 1286 1398 rate.

789 1555 906 1602 XX.

240 1687 383 1734 Nihil
419 1695 490 1734 est
526 1688 749 1733 miserius
783 1704 938 1750 neque
974 1688 1190 1750 gulosius
1227 1687 1415 1734 Santra.

240 1767 446 1814 Rectam
480 1774 679 1814 vocatus
714 1785 823 1814 cum
859 1769 1073 1814 cucurrit
1107 1768 1167 1813 ad
1203 1784 1382 1823 cenam,

243 1848 400 1904 Quam
434 1855 508 1895 tot
547 1850 715 1895 diebus
750 1850 1070 1910 noctibusque
1106 1849 1332 1910 captavit,

241 1929 333 1975 Ter
366 1930 519 1990 poscit
553 1930 659 1991 apri
693 1929 961 1990 glandulas,
999 1934 1171 1990 quater
1206 1928 1438 1984 lumbum,

243 2010 309 2055 Et
344 2015 600 2071 utramque
635 2026 803 2055 coxam
839 2009 1014 2070 leporis
1049 2014 1098 2053 et
1134 2008 1253 2053 duos
1288 2023 1457 2062 armos,
1562 2021 1584 2067 5

241 2089 346 2135 Nec
381 2091 618 2136 erubescit
652 2090 864 2151 peierare
899 2090 958 2135 de
992 2089 1136 2135 turdo

243 2169 309 2213 Et
342 2174 607 2215 ostreorum
643 2186 809 2231 rapere
844 2170 1019 2215 lividos
1055 2170 1214 2214 cirros.

246 2247 416 2293 Dulcis
450 2249 670 2309 placenta
705 2249 953 2295 sordidam
981 2249 1095 2294 linit
1130 2264 1364 2308 mappam.

243 2327 352 2373 Illic
387 2335 436 2374 et
470 2345 593 2375 uvae
628 2329 924 2375 collocantur
958 2329 1142 2385 ollares,

244 2409 311 2453 Et
345 2408 640 2455 Punicorum
675 2425 827 2470 pauca
861 2425 1009 2470 grana
1045 2408 1295 2464 malorum,
1532 2421 1589 2450 10

244 2487 312 2532 Et
345 2494 604 2534 excavatae
639 2488 776 2549 pellis
810 2487 1037 2533 indecens
1073 2486 1254 2541 volvae,

246 2568 312 2613 Et
345 2568 477 2629 lippa
510 2570 628 2614 ficus
662 2568 930 2629 debilisque
966 2567 1164 2612 boletus,
