1732 2959
697 103 827 162 ΠΒ.
885 100 1028 159 VJJJ‘.
1511 111 1599 157 101

388 224 563 272 Refert
598 223 662 269 sis
697 223 868 278 bonus,
906 237 968 265 an
1003 220 1123 265 velis
1158 219 1327 266 videri.

387 307 610 351 Praestas
644 302 748 360 hoc,
789 301 979 357 Melior,
1017 300 1197 346 sciente
1231 299 1375 356 fama,

387 383 485 440 Qui
518 381 835 428 sollemnibus
869 380 1046 425 anxius
1081 378 1261 440 sepulti

388 466 582 511 Nomen
615 479 714 509 non
748 462 867 509 sinis
900 461 1104 507 interire
1140 460 1317 515 Blaesi,
1550 474 1604 502 10

389 548 455 592 Et
490 546 548 590 de
583 543 812 589 munifica
846 542 1071 602 profusus
1106 556 1216 586 arca

387 625 471 670 Ad
504 623 787 669 natalicium
824 621 952 666 diem
987 619 1242 665 colendum

391 705 666 751 Scribarum
700 701 902 747 memori
936 700 1140 761 piaeque
1176 698 1348 744 turbae

392 784 533 841 Quod
568 783 730 838 donas,
769 781 887 826 facis
921 781 1024 841 ipse
1062 778 1387 824 Blaesianum.

391 864 501 910 Hoc
534 863 733 923 longum
768 859 874 917 tibi,
912 858 1016 903 vita
1050 857 1165 902 dum
1200 854 1431 911 manebit,
1553 865 1606 912 15

390 942 501 989 Hoc
535 947 585 988 et
618 946 728 1002 post
764 938 949 984 cineres
984 935 1077 981 erit
1110 935 1370 981 tributum.

789 1070 953 1116 XLV.

131 1171 328 1215 Priscus
361 1168 421 1214 ab
457 1165 694 1213 Aetnaeis
728 1164 863 1220 mihi,
903 1163 1087 1217 Flacce,
1125 1159 1383 1206 Terentius
1419 1157 1514 1204 oris

196 1248 468 1294 Redditur:
503 1246 628 1291 hanc
661 1245 817 1289 lucem
851 1243 1006 1288 lactea
1039 1256 1229 1301 gemma
1263 1244 1412 1285 notet.

132 1328 330 1374 Defluat
363 1332 413 1373 et
447 1326 580 1372 lento
615 1323 916 1386 splendescat
949 1320 1150 1367 turbida
1184 1319 1284 1364 lino

197 1405 451 1467 Amphora
486 1409 689 1450 centeno
723 1400 918 1447 consule
953 1399 1085 1445 facta
1118 1398 1291 1443 minor.

133 1486 395 1546 Continget
429 1499 530 1529 nox
564 1482 758 1544 quando
792 1480 913 1526 meis
946 1485 1051 1524 tam
1085 1477 1292 1524 candida
1326 1475 1540 1520 mensis‘l
1588 1488 1610 1535 5

198 1566 315 1611 Tam
348 1565 478 1609 iusto
512 1561 709 1608 dabitur
743 1560 935 1622 quando
970 1558 1123 1605 calere
1160 1557 1326 1602 mero?

134 1646 258 1692 Cum
292 1649 355 1701 te,
393 1643 575 1699 Flacce,
612 1640 735 1686 mihi
767 1639 938 1685 reddet
973 1634 1232 1699 Cythereia
1269 1634 1466 1697 Cypros,

200 1721 446 1770 Luxuriae
482 1723 567 1767 fiet
601 1726 705 1766 tam
738 1720 866 1765 bona
900 1733 1043 1765 causa
1076 1732 1223 1764 meae.

748 1849 1001 1897 XLVIII.
1082 1864 1137 1873 ¹²

136 1949 323 2007 Nescit,
360 1947 439 1994 cui
472 1945 660 1993 dederit
696 1944 896 2006 Tyriam
931 1941 1186 2004 Crispinus
1221 1938 1445 1995 abollam,

203 2032 337 2077 Dum
371 2032 532 2075 mutat
566 2027 725 2073 cultus
758 2026 1080 2086 induiturque
1113 2028 1288 2083 togam.

139 2110 369 2173 Quisquis
417 2108 579 2165 habeS,
628 2107 844 2153 humeris
900 2121 990 2151 sua
1045 2116 1250 2148 munera
1306 2098 1465 2156 redde,
1517 2113 1619 2159 pre·

336 2205 530 2237 camur:

207 2273 323 2318 Non
356 2271 445 2316 hoc
481 2267 745 2329 Crispinus,
783 2271 830 2312 te
865 2264 949 2310 sed
982 2262 1141 2309 abolla
1173 2265 1322 2321 rogat.

142 2355 260 2400 Non
292 2353 568 2415 quicunque
603 2350 733 2410 capit
766 2351 1008 2394 saturatas
1041 2344 1224 2389 murice
1259 2345 1432 2399 vestes,
1592 2354 1614 2401 5

209 2432 315 2478 Nec
347 2430 444 2476 nisi
477 2428 662 2475 deliciis
696 2425 923 2473 convenit
958 2425 1049 2469 iste
1084 2420 1224 2468 color.

145 2514 200 2561 Si
232 2519 281 2558 te
315 2511 494 2573 praeda
525 2510 664 2555 iuvat
698 2507 924 2568 foedique
957 2503 1152 2551 insania
1186 2499 1322 2558 lucri,

212 2591 321 2648 Qua
353 2590 504 2653 possis
536 2588 711 2634 melius
745 2587 924 2643 fallere,
964 2598 1099 2631 sume
1134 2586 1309 2642 togam.
