1732 2959
66 113 127 158 88

617 113 679 158 M
676 113 968 159 ARTJALI
967 113 1006 160 S

267 217 333 263 Et
367 233 542 264 canum
576 218 749 279 gelidis
784 218 891 264 olus
926 219 1115 280 pruinis
1523 235 1546 282 5

267 297 344 343 De
378 303 543 344 nostro
578 298 671 344 tibi
704 298 850 344 missa
884 315 996 345 rure
1033 300 1220 346 credis?

268 378 309 424 O
346 394 507 440 quam,
544 379 745 441 Regulo,
783 380 1043 441 diligenter
1078 384 1235 428 erras!

268 459 358 504 Nil
392 461 559 519 nostri,
594 461 690 506 nisi
725 477 815 517 me,
851 461 1019 509 ferunt
1054 463 1206 524 agelli.

268 540 517 602 Quidquid
552 541 725 587 vilicus
761 541 950 588 Umber
985 550 1070 589 aut
1108 543 1327 603 Calenus,

266 621 376 666 Aut
409 621 552 667 Tusci
585 622 678 667 tibi
711 622 968 669 Tusculive
1002 624 1221 680 mittunt,
1495 642 1551 672 10

267 703 376 748 Aut
409 718 492 749 rus
526 718 764 748 marmore
798 703 943 747 tertio
979 708 1217 762 notatum,

269 781 331 827 Id.
365 787 469 826 tota
503 781 625 826 mihi
659 781 877 827 nascitur
913 781 1112 828 Subura.

684 985 916 1032 XXXII.

136 1117 318 1176 Attice,
356 1118 589 1163 facundae
624 1134 828 1164 renovas
863 1119 948 1180 qui
982 1120 1181 1166 nomina
1214 1122 1372 1182 gentis

203 1197 308 1243 Nec
343 1198 460 1243 sinis
494 1198 744 1259 ingentem
779 1199 1066 1246 conticuisse
1102 1201 1310 1258 domum,

137 1277 205 1323 Te
239 1279 319 1339 pia
356 1277 610 1340 Cecropiae
646 1279 907 1325 comitatur
940 1281 1085 1326 turba
1122 1281 1384 1341 Minervae,

204 1357 272 1404 Te
306 1364 488 1405 secreta
521 1359 671 1420 quies,
709 1366 757 1405 te
792 1360 964 1422 sophos
999 1362 1156 1408 omnis
1192 1369 1333 1410 amat.

137 1439 211 1484 At
244 1438 444 1485 iuvenes
479 1439 598 1485 alios
632 1439 784 1485 fracta
818 1441 934 1486 colit
968 1458 1083 1488 aure
1118 1445 1347 1504 magister

203 1518 270 1564 Et
304 1520 433 1580 rapit
467 1520 736 1566 immeritas
769 1521 992 1567 sordidus
1027 1529 1200 1568 unctor
1235 1540 1358 1585 opes.

137 1599 253 1645 Non
287 1600 398 1662 pila,
435 1616 534 1646 non
567 1601 710 1658 follis,
748 1618 845 1647 non
880 1607 929 1647 te
964 1604 1194 1665 paganica
1230 1605 1429 1651 thermis

204 1679 482 1741 Praeparat,
521 1686 608 1726 aut
643 1681 763 1726 nudi
799 1682 980 1742 stipitis
1015 1683 1140 1729 ictus
1174 1684 1332 1741 hebeS‚

137 1760 273 1806 Vara
306 1777 394 1806 nec
428 1761 481 1806 in
516 1761 648 1807 lento
684 1767 921 1808 ceromate
957 1763 1152 1809 brachia
1190 1765 1359 1821 tendis,

201 1841 318 1888 Non
353 1842 581 1904 harpasta
615 1859 767 1903 vagus
802 1843 1145 1904 pulverulenta
1180 1846 1324 1905 rapis,
1495 1862 1549 1891 10

137 1922 230 1969 Sed
266 1924 418 1969 curris
452 1923 618 1969 niveas
654 1929 848 1969 tantum
882 1940 1030 1985 prope
1066 1924 1288 1985 Virginis
1328 1926 1494 1983 undas,

201 2004 312 2048 Aut
347 2003 431 2049 ubi
467 2003 665 2049 Sidonio
700 2009 870 2049 taurus
905 2020 1066 2050 amore
1101 2005 1235 2051 calet.

137 2083 233 2129 Per
266 2084 425 2129 varias
459 2095 602 2141 artes,
641 2085 796 2130 omnis
832 2085 1008 2146 quibus
1044 2101 1154 2130 area
1189 2085 1363 2138 fervet,

203 2164 406 2223 Ludere,
449 2179 559 2209 cum
594 2163 737 2209 liceat
772 2180 976 2221 currere,
1015 2164 1214 2225 pigritia
1249 2171 1333 2211 est.

1520 1461 1544 1507 υἱ

681 2366 936 2412 XXXVI.

74 2503 194 2548 Cum
231 2502 420 2563 pluvias
455 2501 801 2563 madidumque
839 2502 1007 2547 Iovem
1042 2501 1254 2563 perferre
1290 2509 1487 2563 negaret

139 2583 206 2629 Et
239 2582 372 2628 rudis
408 2582 623 2629 hibernis
660 2583 776 2628 villa
811 2588 1003 2629 nataret
1038 2583 1188 2644 aquis,
