<?xml version="1.0" encoding="UTF-8"?>
<!DOCTYPE html PUBLIC "-//W3C//DTD XHTML 1.0 Transitional//EN"
    "http://www.w3.org/TR/xhtml1/DTD/xhtml1-transitional.dtd">
<html xmlns="http://www.w3.org/1999/xhtml" xml:lang="en" lang="en">
 <head>
  <title>
</title>
<meta http-equiv="Content-Type" content="text/html;charset=utf-8" />
  <meta name='ocr-system' content='tesseract 3.04.00' />
  <meta name='ocr-capabilities' content='ocr_page ocr_carea ocr_par ocr_line ocrx_word'/>
</head>
<body>
  <div class='ocr_page' id='page_1' title='image "./selectepigramsfr00martrich/selectepigramsfr00martrich_0065.png"; bbox 0 0 1732 2959; ppageno 0'>
   <div class='ocr_carea' id='block_1_1' title="bbox 743 107 1627 156">
    <p class='ocr_par' dir='ltr' id='par_1_1' title="bbox 743 107 1627 156">
     <span class='ocr_line' id='line_1_1' title="bbox 743 107 1627 156; baseline 0.001 -2"><span class='ocrx_word' id='word_1_1' title='bbox 743 107 871 155; x_wconf 88' lang='lat' dir='ltr'>LIB.</span> <span class='ocrx_word' id='word_1_2' title='bbox 924 107 1028 155; x_wconf 87' lang='lat' dir='ltr'>III.</span> <span class='ocrx_word' id='word_1_3' title='bbox 1567 109 1627 156; x_wconf 90' lang='lat'>39</span> 
     </span>
    </p>
   </div>
   <div class='ocr_carea' id='block_1_2' title="bbox 810 338 983 384">
    <p class='ocr_par' dir='ltr' id='par_1_2' title="bbox 810 338 983 384">
     <span class='ocr_line' id='line_1_2' title="bbox 810 338 983 384; baseline 0.006 -1"><span class='ocrx_word' id='word_1_4' title='bbox 810 338 983 384; x_wconf 91' lang='lat' dir='ltr'>XXX.</span> 
     </span>
    </p>
   </div>
   <div class='ocr_carea' id='block_1_3' title="bbox 207 442 1616 894">
    <p class='ocr_par' dir='ltr' id='par_1_3' title="bbox 211 442 1543 585">
     <span class='ocr_line' id='line_1_3' title="bbox 211 442 1543 507; baseline 0.002 -19"><span class='ocrx_word' id='word_1_5' title='bbox 211 442 437 504; x_wconf 76' lang='lat' dir='ltr'>Sportula</span> <span class='ocrx_word' id='word_1_6' title='bbox 470 443 606 489; x_wconf 85' lang='lat' dir='ltr'>nulla</span> <span class='ocrx_word' id='word_1_7' title='bbox 639 444 787 490; x_wconf 81' lang='lat' dir='ltr'>datur</span> <span class='ocrx_word' id='word_1_8' title='bbox 803 461 816 503; x_wconf 81' lang='lat'><em>3</em></span> <span class='ocrx_word' id='word_1_9' title='bbox 851 445 1002 507; x_wconf 80' lang='lat' dir='ltr'>gratis</span> <span class='ocrx_word' id='word_1_10' title='bbox 1037 445 1241 491; x_wconf 83' lang='lat' dir='ltr'>conviva</span> <span class='ocrx_word' id='word_1_11' title='bbox 1276 445 1543 492; x_wconf 84' lang='lat' dir='ltr'>recumbis:</span> 
     </span>
     <span class='ocr_line' id='line_1_4' title="bbox 274 522 1448 585; baseline 0.003 -18"><span class='ocrx_word' id='word_1_12' title='bbox 274 522 367 568; x_wconf 86' lang='lat' dir='ltr'>Dic</span> <span class='ocrx_word' id='word_1_13' title='bbox 401 522 536 580; x_wconf 87' lang='lat' dir='ltr'>mihi,</span> <span class='ocrx_word' id='word_1_14' title='bbox 575 523 692 584; x_wconf 89' lang='lat' dir='ltr'>quid</span> <span class='ocrx_word' id='word_1_15' title='bbox 728 524 925 580; x_wconf 84' lang='lat' dir='ltr'>Romae,</span> <span class='ocrx_word' id='word_1_16' title='bbox 964 524 1255 585; x_wconf 84' lang='lat' dir='ltr'>Gargiliane,</span> <span class='ocrx_word' id='word_1_17' title='bbox 1296 524 1448 572; x_wconf 63' lang='lat' dir='ltr'>facis?</span> 
     </span>
    </p>

    <p class='ocr_par' dir='ltr' id='par_1_4' title="bbox 207 598 1554 739">
     <span class='ocr_line' id='line_1_5' title="bbox 207 598 1488 662; baseline 0.002 -17"><span class='ocrx_word' id='word_1_18' title='bbox 207 598 354 645; x_wconf 88' lang='lat' dir='ltr'>Unde</span> <span class='ocrx_word' id='word_1_19' title='bbox 389 599 481 644; x_wconf 79' lang='lat' dir='ltr'>tibi</span> <span class='ocrx_word' id='word_1_20' title='bbox 515 599 681 660; x_wconf 73' lang='lat' dir='ltr'>togula</span> <span class='ocrx_word' id='word_1_21' title='bbox 717 605 789 645; x_wconf 72' lang='lat' dir='ltr'>est</span> <span class='ocrx_word' id='word_1_22' title='bbox 824 606 872 646; x_wconf 71' lang='lat' dir='ltr'>eb</span> <span class='ocrx_word' id='word_1_23' title='bbox 906 601 1065 647; x_wconf 84' lang='lat' dir='ltr'><strong>fuscae</strong></span> <span class='ocrx_word' id='word_1_24' title='bbox 1107 601 1273 662; x_wconf 88' lang='lat' dir='ltr'>pensio</span> <span class='ocrx_word' id='word_1_25' title='bbox 1309 601 1488 648; x_wconf 69' lang='lat' dir='ltr'>cellae‘l</span> 
     </span>
     <span class='ocr_line' id='line_1_6' title="bbox 273 676 1554 739; baseline 0.005 -17"><span class='ocrx_word' id='word_1_26' title='bbox 273 676 420 723; x_wconf 83' lang='lat' dir='ltr'>Unde</span> <span class='ocrx_word' id='word_1_27' title='bbox 455 677 600 723; x_wconf 71' lang='lat' dir='ltr'>datur</span> <span class='ocrx_word' id='word_1_28' title='bbox 634 679 906 739; x_wconf 66' lang='lat' dir='ltr'>quadrans?</span> <span class='ocrx_word' id='word_1_29' title='bbox 957 680 1083 725; x_wconf 85' lang='lat' dir='ltr'>unde</span> <span class='ocrx_word' id='word_1_30' title='bbox 1118 679 1194 724; x_wconf 87' lang='lat' dir='ltr'>vir</span> <span class='ocrx_word' id='word_1_31' title='bbox 1229 696 1278 726; x_wconf 91' lang='lat' dir='ltr'>es</span> <span class='ocrx_word' id='word_1_32' title='bbox 1315 680 1554 728; x_wconf 77' lang='lat' dir='ltr'>Chiones‘.²</span> 
     </span>
    </p>

    <p class='ocr_par' dir='ltr' id='par_1_5' title="bbox 209 756 1616 894">
     <span class='ocr_line' id='line_1_7' title="bbox 209 756 1616 821; baseline 0.003 -20"><span class='ocrx_word' id='word_1_33' title='bbox 209 756 331 802; x_wconf 87' lang='lat' dir='ltr'>Cum</span> <span class='ocrx_word' id='word_1_34' title='bbox 369 757 553 803; x_wconf 73' lang='lat' dir='ltr'>ratione</span> <span class='ocrx_word' id='word_1_35' title='bbox 587 757 700 803; x_wconf 73' lang='lat' dir='ltr'>licet</span> <span class='ocrx_word' id='word_1_36' title='bbox 735 758 864 804; x_wconf 80' lang='lat' dir='ltr'>dicas</span> <span class='ocrx_word' id='word_1_37' title='bbox 899 764 949 805; x_wconf 81' lang='lat' dir='ltr'>te</span> <span class='ocrx_word' id='word_1_38' title='bbox 983 759 1148 805; x_wconf 88' lang='lat' dir='ltr'>vivere</span> <span class='ocrx_word' id='word_1_39' title='bbox 1185 775 1385 817; x_wconf 85' lang='lat' dir='ltr'>summa,</span> <span class='ocrx_word' id='word_1_40' title='bbox 1594 777 1616 821; x_wconf 85' lang='lat'>5</span> 
     </span>
     <span class='ocr_line' id='line_1_8' title="bbox 273 836 1294 894; baseline 0.004 -13"><span class='ocrx_word' id='word_1_41' title='bbox 273 836 412 892; x_wconf 82' lang='lat' dir='ltr'>Quod</span> <span class='ocrx_word' id='word_1_42' title='bbox 448 837 589 894; x_wconf 86' lang='lat' dir='ltr'>vivis,</span> <span class='ocrx_word' id='word_1_43' title='bbox 628 837 763 882; x_wconf 85' lang='lat' dir='ltr'>nulla</span> <span class='ocrx_word' id='word_1_44' title='bbox 797 854 906 883; x_wconf 87' lang='lat' dir='ltr'>cum</span> <span class='ocrx_word' id='word_1_45' title='bbox 942 838 1129 884; x_wconf 74' lang='lat' dir='ltr'>ratione</span> <span class='ocrx_word' id='word_1_46' title='bbox 1164 838 1294 885; x_wconf 80' lang='lat' dir='ltr'>facis.</span> 
     </span>
    </p>
   </div>
   <div class='ocr_carea' id='block_1_4' title="bbox 766 1044 970 1091">
    <p class='ocr_par' dir='ltr' id='par_1_6' title="bbox 766 1044 970 1091">
     <span class='ocr_line' id='line_1_9' title="bbox 766 1044 970 1091; baseline 0 -1"><span class='ocrx_word' id='word_1_47' title='bbox 766 1044 970 1091; x_wconf 91' lang='lat' dir='ltr'>XXXI.</span> 
     </span>
    </p>
   </div>
   <div class='ocr_carea' id='block_1_5' title="bbox 198 1150 1609 1617">
    <p class='ocr_par' dir='ltr' id='par_1_7' title="bbox 207 1150 1350 1294">
     <span class='ocr_line' id='line_1_10' title="bbox 207 1150 1347 1215; baseline 0.004 -19"><span class='ocrx_word' id='word_1_48' title='bbox 207 1150 332 1197; x_wconf 73' lang='lat' dir='ltr'>Sunt</span> <span class='ocrx_word' id='word_1_49' title='bbox 369 1152 472 1210; x_wconf 78' lang='lat' dir='ltr'>tibi,</span> <span class='ocrx_word' id='word_1_50' title='bbox 510 1153 753 1211; x_wconf 64' lang='lat' dir='ltr'>confinem,</span> <span class='ocrx_word' id='word_1_51' title='bbox 792 1153 955 1199; x_wconf 83' lang='lat' dir='ltr'>diffusi</span> <span class='ocrx_word' id='word_1_52' title='bbox 989 1155 1155 1215; x_wconf 86' lang='lat' dir='ltr'>iugera</span> <span class='ocrx_word' id='word_1_53' title='bbox 1189 1155 1347 1215; x_wconf 84' lang='lat' dir='ltr'>campi</span> 
     </span>
     <span class='ocr_line' id='line_1_11' title="bbox 266 1231 1350 1294; baseline 0 -16"><span class='ocrx_word' id='word_1_54' title='bbox 266 1231 555 1293; x_wconf 78' lang='lat' dir='ltr'>Urbanique</span> <span class='ocrx_word' id='word_1_55' title='bbox 588 1238 760 1278; x_wconf 73' lang='lat' dir='ltr'>tenent</span> <span class='ocrx_word' id='word_1_56' title='bbox 794 1232 990 1294; x_wconf 81' lang='lat' dir='ltr'>praedia</span> <span class='ocrx_word' id='word_1_57' title='bbox 1024 1232 1180 1279; x_wconf 76' lang='lat' dir='ltr'>multa</span> <span class='ocrx_word' id='word_1_58' title='bbox 1214 1233 1350 1290; x_wconf 86' lang='lat' dir='ltr'>lares,</span> 
     </span>
    </p>

    <p class='ocr_par' dir='ltr' id='par_1_8' title="bbox 200 1311 1417 1456">
     <span class='ocr_line' id='line_1_12' title="bbox 200 1311 1417 1360; baseline 0.002 -3"><span class='ocrx_word' id='word_1_59' title='bbox 200 1313 266 1357; x_wconf 73' lang='lat' dir='ltr'>Et</span> <span class='ocrx_word' id='word_1_60' title='bbox 301 1311 451 1358; x_wconf 75' lang='lat' dir='ltr'>servit</span> <span class='ocrx_word' id='word_1_61' title='bbox 485 1311 706 1358; x_wconf 86' lang='lat' dir='ltr'>dominae</span> <span class='ocrx_word' id='word_1_62' title='bbox 740 1328 1025 1359; x_wconf 87' lang='lat' dir='ltr'>numerosus</span> <span class='ocrx_word' id='word_1_63' title='bbox 1061 1314 1250 1360; x_wconf 71' lang='lat' dir='ltr'>debitor</span> <span class='ocrx_word' id='word_1_64' title='bbox 1281 1330 1417 1360; x_wconf 84' lang='lat' dir='ltr'>arcae</span> 
     </span>
     <span class='ocr_line' id='line_1_13' title="bbox 271 1391 1330 1456; baseline 0.003 -18"><span class='ocrx_word' id='word_1_65' title='bbox 271 1391 620 1454; x_wconf 76' lang='lat' dir='ltr'>Sustentatque</span> <span class='ocrx_word' id='word_1_66' title='bbox 656 1399 765 1439; x_wconf 77' lang='lat' dir='ltr'>tuas</span> <span class='ocrx_word' id='word_1_67' title='bbox 800 1409 946 1439; x_wconf 88' lang='lat' dir='ltr'>aurea</span> <span class='ocrx_word' id='word_1_68' title='bbox 980 1410 1138 1440; x_wconf 83' lang='lat' dir='ltr'>massa</span> <span class='ocrx_word' id='word_1_69' title='bbox 1172 1394 1330 1456; x_wconf 87' lang='lat' dir='ltr'>dapes.</span> 
     </span>
    </p>

    <p class='ocr_par' dir='ltr' id='par_1_9' title="bbox 198 1473 1609 1617">
     <span class='ocr_line' id='line_1_14' title="bbox 198 1473 1609 1538; baseline 0.003 -20"><span class='ocrx_word' id='word_1_70' title='bbox 198 1473 438 1519; x_wconf 66' lang='lat' dir='ltr'>Fasbidire</span> <span class='ocrx_word' id='word_1_71' title='bbox 471 1478 637 1519; x_wconf 75' lang='lat' dir='ltr'>tamen</span> <span class='ocrx_word' id='word_1_72' title='bbox 671 1474 783 1531; x_wconf 89' lang='lat' dir='ltr'>noli,</span> <span class='ocrx_word' id='word_1_73' title='bbox 824 1475 1017 1533; x_wconf 86' lang='lat' dir='ltr'>Rufine,</span> <span class='ocrx_word' id='word_1_74' title='bbox 1055 1477 1293 1522; x_wconf 88' lang='lat' dir='ltr'>minores:</span> <span class='ocrx_word' id='word_1_75' title='bbox 1585 1491 1609 1538; x_wconf 88' lang='lat'><em>5</em></span> 
     </span>
     <span class='ocr_line' id='line_1_15' title="bbox 264 1553 1540 1617; baseline 0.004 -19"><span class='ocrx_word' id='word_1_76' title='bbox 264 1553 380 1599; x_wconf 86' lang='lat' dir='ltr'>Plus</span> <span class='ocrx_word' id='word_1_77' title='bbox 411 1554 584 1600; x_wconf 74' lang='lat' dir='ltr'>habuit</span> <span class='ocrx_word' id='word_1_78' title='bbox 619 1555 874 1615; x_wconf 74' lang='lat' dir='ltr'>Didymus,</span> <span class='ocrx_word' id='word_1_79' title='bbox 910 1557 1021 1617; x_wconf 91' lang='lat' dir='ltr'>plus</span> <span class='ocrx_word' id='word_1_80' title='bbox 1053 1556 1352 1603; x_wconf 85' lang='lat' dir='ltr'>Philomelus</span> <span class='ocrx_word' id='word_1_81' title='bbox 1384 1557 1540 1603; x_wconf 75' lang='lat' dir='ltr'>habet.</span> 
     </span>
    </p>
   </div>
   <div class='ocr_carea' id='block_1_6' title="bbox 737 1759 996 1806">
    <p class='ocr_par' dir='ltr' id='par_1_10' title="bbox 737 1759 996 1806">
     <span class='ocr_line' id='line_1_16' title="bbox 737 1759 996 1806; baseline 0.004 -2"><span class='ocrx_word' id='word_1_82' title='bbox 737 1759 996 1806; x_wconf 90' lang='lat' dir='ltr'>XXXVI.</span> 
     </span>
    </p>
   </div>
   <div class='ocr_carea' id='block_1_7' title="bbox 121 1865 1600 2631">
    <p class='ocr_par' dir='ltr' id='par_1_11' title="bbox 121 1865 1600 2631">
     <span class='ocr_line' id='line_1_17' title="bbox 128 1865 1559 1928; baseline 0.003 -18"><span class='ocrx_word' id='word_1_83' title='bbox 128 1865 268 1921; x_wconf 81' lang='lat' dir='ltr'>Quod</span> <span class='ocrx_word' id='word_1_84' title='bbox 308 1882 463 1912; x_wconf 84' lang='lat' dir='ltr'>novus</span> <span class='ocrx_word' id='word_1_85' title='bbox 500 1872 550 1911; x_wconf 80' lang='lat' dir='ltr'>et</span> <span class='ocrx_word' id='word_1_86' title='bbox 591 1882 748 1927; x_wconf 86' lang='lat' dir='ltr'>nuper</span> <span class='ocrx_word' id='word_1_87' title='bbox 784 1866 944 1912; x_wconf 73' lang='lat' dir='ltr'>factus</span> <span class='ocrx_word' id='word_1_88' title='bbox 983 1867 1078 1912; x_wconf 78' lang='lat' dir='ltr'>tibi</span> <span class='ocrx_word' id='word_1_89' title='bbox 1115 1872 1330 1928; x_wconf 70' lang='lat' dir='ltr'>praestat</span> <span class='ocrx_word' id='word_1_90' title='bbox 1366 1869 1559 1927; x_wconf 81' lang='lat' dir='ltr'>amicus,</span> 
     </span>
     <span class='ocr_line' id='line_1_18' title="bbox 191 1945 1318 2006; baseline 0.004 -16"><span class='ocrx_word' id='word_1_91' title='bbox 191 1945 301 1991; x_wconf 84' lang='lat' dir='ltr'>Hoe</span> <span class='ocrx_word' id='word_1_92' title='bbox 340 1950 583 2006; x_wconf 77' lang='lat' dir='ltr'>praestare</span> <span class='ocrx_word' id='word_1_93' title='bbox 622 1945 758 1992; x_wconf 90' lang='lat' dir='ltr'>iubes</span> <span class='ocrx_word' id='word_1_94' title='bbox 795 1962 886 2004; x_wconf 87' lang='lat' dir='ltr'>me,</span> <span class='ocrx_word' id='word_1_95' title='bbox 927 1946 1156 2005; x_wconf 84' lang='lat' dir='ltr'>Fabiane,</span> <span class='ocrx_word' id='word_1_96' title='bbox 1196 1948 1318 1996; x_wconf 78' lang='lat' dir='ltr'>tibi:</span> 
     </span>
     <span class='ocr_line' id='line_1_19' title="bbox 128 2023 1392 2086; baseline 0.002 -16"><span class='ocrx_word' id='word_1_97' title='bbox 128 2023 371 2070; x_wconf 82' lang='lat' dir='ltr'>Horridus</span> <span class='ocrx_word' id='word_1_98' title='bbox 410 2029 467 2069; x_wconf 73' lang='lat' dir='ltr'>ut</span> <span class='ocrx_word' id='word_1_99' title='bbox 503 2024 659 2084; x_wconf 90' lang='lat' dir='ltr'>primo</span> <span class='ocrx_word' id='word_1_100' title='bbox 696 2029 746 2070; x_wconf 69' lang='lat' dir='ltr'>te</span> <span class='ocrx_word' id='word_1_101' title='bbox 782 2040 970 2086; x_wconf 85' lang='lat' dir='ltr'>semper</span> <span class='ocrx_word' id='word_1_102' title='bbox 1006 2041 1147 2071; x_wconf 89' lang='lat' dir='ltr'>mane</span> <span class='ocrx_word' id='word_1_103' title='bbox 1185 2026 1392 2072; x_wconf 76' lang='lat' dir='ltr'>salutem</span> 
     </span>
     <span class='ocr_line' id='line_1_20' title="bbox 190 2102 1436 2164; baseline 0.003 -16"><span class='ocrx_word' id='word_1_104' title='bbox 190 2102 286 2148; x_wconf 89' lang='lat' dir='ltr'>Per</span> <span class='ocrx_word' id='word_1_105' title='bbox 320 2103 629 2164; x_wconf 88' lang='lat' dir='ltr'>mediumque</span> <span class='ocrx_word' id='word_1_106' title='bbox 668 2103 834 2150; x_wconf 72' lang='lat' dir='ltr'>trahat</span> <span class='ocrx_word' id='word_1_107' title='bbox 872 2120 947 2150; x_wconf 90' lang='lat' dir='ltr'>me</span> <span class='ocrx_word' id='word_1_108' title='bbox 984 2111 1071 2151; x_wconf 76' lang='lat' dir='ltr'>tua</span> <span class='ocrx_word' id='word_1_109' title='bbox 1109 2106 1226 2152; x_wconf 85' lang='lat' dir='ltr'>sella</span> <span class='ocrx_word' id='word_1_110' title='bbox 1262 2106 1436 2163; x_wconf 74' lang='lat' dir='ltr'>lutum,</span> 
     </span>
     <span class='ocr_line' id='line_1_21' title="bbox 124 2181 1592 2245; baseline 0.003 -19"><span class='ocrx_word' id='word_1_111' title='bbox 124 2181 301 2227; x_wconf 84' lang='lat' dir='ltr'>Lassus</span> <span class='ocrx_word' id='word_1_112' title='bbox 338 2188 394 2227; x_wconf 78' lang='lat' dir='ltr'>ub</span> <span class='ocrx_word' id='word_1_113' title='bbox 433 2181 487 2227; x_wconf 88' lang='lat' dir='ltr'>in</span> <span class='ocrx_word' id='word_1_114' title='bbox 522 2182 737 2228; x_wconf 77' lang='lat' dir='ltr'>thermas</span> <span class='ocrx_word' id='word_1_115' title='bbox 777 2182 962 2229; x_wconf 86' lang='lat' dir='ltr'>decima</span> <span class='ocrx_word' id='word_1_116' title='bbox 1007 2184 1080 2229; x_wconf 87' lang='lat' dir='ltr'>vel</span> <span class='ocrx_word' id='word_1_117' title='bbox 1122 2184 1275 2230; x_wconf 89' lang='lat' dir='ltr'>serius</span> <span class='ocrx_word' id='word_1_118' title='bbox 1312 2184 1431 2230; x_wconf 86' lang='lat' dir='ltr'>hora</span> <span class='ocrx_word' id='word_1_119' title='bbox 1569 2200 1592 2245; x_wconf 88' lang='lat'><strong>5</strong></span> 
     </span>
     <span class='ocr_line' id='line_1_22' title="bbox 189 2260 1374 2325; baseline 0.004 -19"><span class='ocrx_word' id='word_1_120' title='bbox 189 2260 256 2307; x_wconf 89' lang='lat' dir='ltr'>Te</span> <span class='ocrx_word' id='word_1_121' title='bbox 296 2277 469 2323; x_wconf 85' lang='lat' dir='ltr'>sequar</span> <span class='ocrx_word' id='word_1_122' title='bbox 504 2261 768 2323; x_wconf 83' lang='lat' dir='ltr'>Agrippae,</span> <span class='ocrx_word' id='word_1_123' title='bbox 811 2278 920 2308; x_wconf 84' lang='lat' dir='ltr'>cum</span> <span class='ocrx_word' id='word_1_124' title='bbox 957 2263 1090 2308; x_wconf 85' lang='lat' dir='ltr'>laver</span> <span class='ocrx_word' id='word_1_125' title='bbox 1126 2264 1227 2325; x_wconf 88' lang='lat' dir='ltr'>ipse</span> <span class='ocrx_word' id='word_1_126' title='bbox 1264 2264 1374 2311; x_wconf 72' lang='lat' dir='ltr'>Titi.</span> 
     </span>
     <span class='ocr_line' id='line_1_23' title="bbox 124 2341 1430 2404; baseline 0.002 -17"><span class='ocrx_word' id='word_1_127' title='bbox 124 2341 233 2387; x_wconf 86' lang='lat' dir='ltr'>Hoc</span> <span class='ocrx_word' id='word_1_128' title='bbox 273 2358 359 2403; x_wconf 91' lang='lat' dir='ltr'>per</span> <span class='ocrx_word' id='word_1_129' title='bbox 398 2342 603 2404; x_wconf 73' lang='lat' dir='ltr'>triginta</span> <span class='ocrx_word' id='word_1_130' title='bbox 643 2343 814 2399; x_wconf 88' lang='lat' dir='ltr'>merui,</span> <span class='ocrx_word' id='word_1_131' title='bbox 857 2343 898 2388; x_wconf 86' lang='lat' dir='ltr'><strong>F</strong></span> <span class='ocrx_word' id='word_1_132' title='bbox 899 2344 1082 2402; x_wconf 85' lang='lat' dir='ltr'>abiane,</span> <span class='ocrx_word' id='word_1_133' title='bbox 1127 2343 1430 2402; x_wconf 82' lang='lat' dir='ltr'>Decembres,</span> 
     </span>
     <span class='ocr_line' id='line_1_24' title="bbox 189 2421 1204 2484; baseline 0.003 -17"><span class='ocrx_word' id='word_1_134' title='bbox 189 2421 263 2468; x_wconf 72' lang='lat' dir='ltr'>Ut</span> <span class='ocrx_word' id='word_1_135' title='bbox 300 2423 392 2468; x_wconf 88' lang='lat' dir='ltr'>sim</span> <span class='ocrx_word' id='word_1_136' title='bbox 426 2423 522 2468; x_wconf 75' lang='lat' dir='ltr'>tiro</span> <span class='ocrx_word' id='word_1_137' title='bbox 558 2428 673 2468; x_wconf 75' lang='lat' dir='ltr'>tuae</span> <span class='ocrx_word' id='word_1_138' title='bbox 709 2439 896 2484; x_wconf 88' lang='lat' dir='ltr'>semper</span> <span class='ocrx_word' id='word_1_139' title='bbox 931 2423 1204 2470; x_wconf 69' lang='lat' dir='ltr'>amicitiae?</span> 
     </span>
     <span class='ocr_line' id='line_1_25' title="bbox 121 2500 1371 2565; baseline 0.003 -20"><span class='ocrx_word' id='word_1_140' title='bbox 121 2500 232 2546; x_wconf 87' lang='lat' dir='ltr'>Hoo</span> <span class='ocrx_word' id='word_1_141' title='bbox 271 2501 438 2558; x_wconf 83' lang='lat' dir='ltr'>merui,</span> <span class='ocrx_word' id='word_1_142' title='bbox 484 2501 711 2559; x_wconf 85' lang='lat' dir='ltr'>Fabiane,</span> <span class='ocrx_word' id='word_1_143' title='bbox 755 2508 867 2563; x_wconf 78' lang='lat' dir='ltr'>toga</span> <span class='ocrx_word' id='word_1_144' title='bbox 907 2503 1118 2565; x_wconf 73' lang='lat' dir='ltr'>tritaque</span> <span class='ocrx_word' id='word_1_145' title='bbox 1159 2519 1371 2564; x_wconf 84' lang='lat' dir='ltr'>meaque,</span> 
     </span>
     <span class='ocr_line' id='line_1_26' title="bbox 187 2582 1600 2631; baseline 0.002 -3"><span class='ocrx_word' id='word_1_146' title='bbox 187 2582 262 2628; x_wconf 77' lang='lat' dir='ltr'>Ut</span> <span class='ocrx_word' id='word_1_147' title='bbox 302 2583 517 2629; x_wconf 90' lang='lat' dir='ltr'>nondum</span> <span class='ocrx_word' id='word_1_148' title='bbox 559 2583 724 2629; x_wconf 87' lang='lat' dir='ltr'>credas</span> <span class='ocrx_word' id='word_1_149' title='bbox 765 2599 841 2628; x_wconf 91' lang='lat' dir='ltr'>me</span> <span class='ocrx_word' id='word_1_150' title='bbox 878 2584 1109 2630; x_wconf 88' lang='lat' dir='ltr'>meruisse</span> <span class='ocrx_word' id='word_1_151' title='bbox 1147 2584 1348 2630; x_wconf 69' lang='lat' dir='ltr'>rudem?</span> <span class='ocrx_word' id='word_1_152' title='bbox 1543 2601 1600 2631; x_wconf 89' lang='lat'>10</span> 
     </span>
    </p>
   </div>
  </div>
 </body>
</html>
