1732 2959
129 109 220 156 100
670 108 1055 156 MARTIALIS

125 214 218 260 Illa
251 219 412 275 potest
445 215 644 260 culicem
681 215 822 276 longe
857 216 1037 262 sentire
1071 217 1318 264 volantem

190 293 256 339 Et
289 293 482 338 minimi
515 293 668 355 pinna
700 294 961 355 papilionis
996 295 1085 357 agi.

126 372 346 434 Exiguae
379 373 553 419 volitat
587 390 819 435 suspensa
852 390 1029 435 vapore
1064 376 1286 422 lucernae

189 452 257 499 Et
290 452 466 499 leviter
498 453 607 499 fuso
641 454 888 516 rumpitur
921 455 1019 501 icta
1054 471 1197 502 mero.
1546 475 1603 504 10

125 530 236 577 Hoc
269 531 445 578 linitur
478 536 622 593 sputo
656 532 769 578 Iani
801 536 1000 594 caryota
1034 533 1288 594 Kalendis,

192 610 349 666 Quam
383 611 482 657 fert
516 628 627 657 cum
660 628 803 674 parco
839 613 1060 660 sordidus
1094 630 1198 660 asse
1232 615 1392 661 cliens.

126 690 284 736 Lenta
316 692 479 736 minus
513 692 683 752 gracili
716 698 938 738 crescunt
973 694 1204 740 colocasia
1238 695 1332 752 filo,

191 768 345 816 Plena
378 771 532 832 magis
565 772 718 817 nimio
753 772 858 817 lilia
892 773 990 819 sole
1025 774 1234 820 cadunt:

125 849 230 896 Nec
269 866 388 912 vaga
420 856 522 896 tam
558 851 695 897 tenui
730 851 960 898 discurrit
994 868 1170 899 aranea
1203 854 1313 911 tela,
1550 869 1603 916 15

189 931 309 977 Tam
341 932 451 978 leve
484 948 573 978 nec
605 933 821 993 bombyx
854 934 1096 995 pendulus
1130 927 1272 996 urget
1305 951 1438 997 opus

126 1012 343 1058 Crassior
376 1012 429 1058 in
463 1013 585 1059 facie
618 1014 813 1059 vetulae
847 1019 949 1060 stat
982 1020 1114 1060 creta
1148 1014 1393 1072 Fabullae,

192 1090 409 1138 Crassior
442 1092 649 1138 offensae
681 1093 818 1139 bulla
850 1095 1080 1158 tumescit
1114 1110 1300 1156 aquae3

128 1172 321 1218 Fortior
354 1178 404 1218 et
437 1178 591 1220 tortos
626 1179 788 1219 servat
821 1163 982 1220 x‘resica
1016 1174 1214 1236 capillos

191 1251 258 1297 Et
291 1257 452 1298 mutat
486 1252 653 1300 Latias
689 1269 862 1315 spuma
895 1252 1085 1298 Batava
1119 1269 1291 1301 comaS.
1547 1271 1606 1300 20

128 1332 237 1378 Hac
273 1338 383 1380 cute
419 1334 608 1380 Ledaeo
644 1334 854 1381 vestitur
887 1334 1049 1396 pullus
1084 1335 1137 1379 in
1170 1349 1275 1394 ovo,

192 1412 327 1458 Talia
361 1413 532 1458 lunata
565 1413 752 1475 splenia
785 1414 945 1460 fronte
979 1413 1163 1459 sedent.

128 1495 257 1552 Quid
292 1493 385 1540 tibi
419 1508 527 1538 cum
563 1493 739 1555 phiala,
776 1494 980 1556 ligulam
1013 1510 1124 1540 cum
1161 1494 1354 1540 mittere
1388 1494 1554 1556 possis,

193 1571 396 1617 Mittere
430 1585 540 1617 cum
575 1571 730 1632 possis
765 1571 844 1617 vel
878 1571 1124 1618 cochleare
1158 1571 1312 1616 mihist

126 1651 310 1712 Magna
373 1651 522 1696 nimis
588 1651 849 1713 loquimur,
919 1651 1161 1698 cochleam
1235 1666 1345 1697 cum
1411 1652 1606 1697 mittere

322 1730 503 1791 possis3
1547 1746 1603 1792 25

194 1810 418 1871 Denique
451 1826 563 1856 cum
597 1811 750 1872 possis
785 1813 993 1869 mittere,
1031 1811 1198 1869 Paule,
1235 1811 1373 1859 nihil.

696 2041 1012 2088 XXXVIII.

391 2188 487 2244 Qui
521 2194 735 2249 praestat
768 2190 950 2251 pietate
984 2189 1221 2251 pertinaci

391 2270 599 2315 Sensuro
633 2270 759 2315 bona
792 2269 1112 2326 liberalitatis,

391 2348 568 2410 Captet
602 2348 809 2395 forsitan
842 2353 930 2395 aut
963 2349 1114 2394 vicem
1153 2353 1382 2409 reposcat.

391 2428 464 2473 At
498 2428 540 2474 si
573 2428 682 2489 quis
717 2427 831 2473 dare
865 2429 1052 2474 nomini
1086 2426 1254 2473 relicto

392 2507 509 2552 Post
541 2522 706 2552 manes
741 2506 1081 2568 tumulumque
1114 2511 1404 2568 perseverat,
1576 2519 1599 2567 5

391 2585 592 2640 Quaerit
626 2586 758 2648 quid,
794 2585 890 2631 nisi
924 2587 1113 2647 parcius
1148 2586 1340 2632 dolere?
