1732 2959
631 111 762 157 LIB.
824 110 936 156 VII.
1468 108 1530 153 89

55 222 286 279 Plurima,
324 237 446 282 quae
481 225 642 281 posset
676 217 864 264 subitos
899 216 1143 262 effundere
1178 214 1378 270 nimbos,

120 302 410 349 Muneribus
445 301 583 345 venit
617 299 781 360 tegula
816 298 962 343 missa
997 296 1107 342 tuis.

56 383 312 440 Horridus,
349 397 469 438 ecce,
507 385 645 425 sonat
681 361 863 424 Boreae
897 376 1101 423 stridore
1139 374 1430 421 December:
1505 387 1528 434 5

121 462 284 518 Stella,
322 460 446 522 tegis
480 459 663 513 villam,
702 473 801 502 non
836 456 959 517 tegis
995 453 1263 516 agricolam.

650 706 939 752 XXXVII.

119 844 268 891 Nosti
302 843 610 890 mortiferum
645 841 926 903 quaestoi²iS‚
967 840 1195 896 Oastrice,
1234 837 1459 899 signum?

185 925 275 970 Est
310 939 479 986 operae
515 923 724 984 pretium
765 921 948 967 discere
983 920 1120 965 theta
1156 934 1348 964 novum.

120 1005 427 1067 Exprimeret
464 1003 689 1065 quotiens
723 1007 969 1047 rorantem
1004 1001 1180 1061 frigore
1216 1014 1398 1052 nasum,

187 1085 403 1130 Letalem
441 1083 596 1144 iuguli
632 1083 838 1128 iusserat
875 1097 973 1127 esse
1008 1085 1186 1126 notam.

119 1166 292 1227 Turpis
327 1166 388 1211 ab
424 1165 581 1209 inviso
617 1162 859 1223 pendebat
893 1161 1032 1207 stiria
1066 1175 1194 1216 naso,
1511 1171 1532 1218 5

188 1244 310 1290 Cum
345 1244 485 1289 flaret
519 1242 677 1288 media
710 1240 847 1286 fauce
884 1239 1151 1285 December
1185 1243 1338 1282 atrox.

123 1324 345 1385 Collegae
378 1328 579 1369 tenuere
614 1337 797 1367 manus.
872 1319 1002 1375 Quid
1038 1319 1178 1379 plura
1212 1316 1448 1378 requiris?

187 1405 401 1466 Emungi
435 1404 624 1461 misero,
663 1400 890 1458 Castrice,
928 1416 1026 1446 non
1061 1400 1213 1445 licuit.

712 1646 873 1692 XLV.

255 1782 471 1828 Facundi
508 1782 712 1827 Senecae
748 1785 918 1842 potens
955 1780 1152 1836 amicus,

256 1862 380 1909 Caro
415 1864 668 1924 proximus
704 1868 789 1907 aut
824 1862 956 1923 prior
991 1860 1185 1914 Sereno,

256 1944 355 1989 Hic
392 1949 464 1989 est
500 1943 750 1988 Maximus
785 1941 880 1998 ille,
920 1957 1063 2002 quem
1099 1939 1342 2001 frequenti

255 2023 397 2069 Felix
431 2023 597 2068 littera
632 2022 810 2083 pagina
846 2021 1037 2066 salutat.

257 2103 407 2148 Hunc
443 2109 499 2149 tu
533 2120 617 2164 per
653 2102 837 2148 Siculas
872 2106 1065 2147 secutus
1100 2100 1266 2156 undas,
1512 2111 1534 2158 5

258 2184 299 2229 O
334 2183 496 2237 nullis,
537 2182 697 2238 Ovidi,
736 2182 936 2227 tacende
972 2179 1166 2241 linguis,

259 2263 495 2324 Sprevisti
531 2263 715 2308 domini
750 2261 957 2307 furentis
992 2262 1097 2306 iras.

258 2343 472 2389 Miretur
508 2343 728 2404 Pyladen
763 2358 904 2388 suum
940 2346 1171 2397 vetustaS,

258 2424 436 2469 Haesit
471 2424 555 2486 qui
590 2439 745 2469 comes
780 2422 913 2468 exuli
947 2421 1174 2482 parentis.

260 2502 381 2558 Quis
415 2502 693 2548 discrimina
728 2506 972 2562 comparet
1007 2499 1245 2545 duorum?
1485 2511 1541 2541 10

261 2582 482 2628 Haesisti
517 2598 672 2628 comes
707 2569 850 2627 exuli⁴
875 2579 1099 2626 Neronis.
