1732 2959
687 126 818 172 LIB.
870 124 958 170 IV.

290 238 498 284 Nostrae
533 234 729 280 nomina
763 231 960 277 duriora
995 235 1151 274 terrae

291 318 443 365 Grato
479 331 576 361 non
610 313 790 375 pudeat
827 311 1006 356 referre
1041 323 1218 352 versu:

293 397 446 444 Saevo
482 394 689 441 Bilbilin
725 392 957 452 optimam
993 386 1203 443 metallo,

294 478 428 533 Quae
463 474 616 520 vincit
654 472 990 531 Chalybasque
1025 467 1337 526 Noricosque,

294 559 360 604 Et
393 557 522 603 ferro
559 555 780 600 Plateam
818 568 905 597 suo
942 559 1210 604 sonantem,

296 638 454 694 Quam
486 636 638 681 fluctu
673 631 824 689 tenui,
865 631 947 676 sed
982 629 1199 689 inquieto

300 718 560 762 Armorum
597 713 707 758 Salo
741 715 1039 771 temperator
1073 706 1257 752 ambit:

296 794 613 854 Tutelamque
647 791 911 850 chorosque
946 787 1278 840 Rixamarum,

300 875 365 920 Et
399 873 625 921 convivia
659 872 785 917 festa
822 869 1134 922 Carduarum,

302 956 369 1000 Et
403 954 552 1000 textis
590 952 820 997 Peterum
854 948 975 993 rosis
1010 948 1279 1000 rubentem,

299 1036 469 1095 Atque
503 1032 707 1092 antiqua
741 1034 938 1090 patrum
971 1027 1162 1071 theatra
1196 1024 1358 1084 Rigas,

303 1116 370 1161 Et
404 1119 559 1161 certos
593 1111 749 1157 iaculo
785 1109 882 1155 levi
918 1107 1083 1163 Silaos,

299 1192 637 1254 Turgontique
670 1190 803 1235 lacus
840 1186 1176 1246 Perusiaeque‚

300 1274 368 1320 Et
401 1288 577 1335 parvae
612 1271 736 1315 vada
770 1284 892 1330 pura
927 1265 1228 1320 Vetonissae,

306 1355 373 1401 Et
407 1359 627 1400 sanctum
666 1349 940 1396 Buradonis
975 1348 1204 1402 ilicetum,

302 1435 399 1481 Per
432 1434 562 1495 quod
597 1432 674 1478 vel
710 1432 846 1493 piger
880 1428 1097 1475 ambulat
1133 1427 1291 1471 viator
1307 1442 1319 1484 3

302 1516 369 1561 Et
404 1531 526 1576 quae
561 1513 769 1559 fortibus
804 1510 982 1556 excolit
1016 1507 1233 1553 iuvencis

305 1597 497 1642 Curvae
533 1593 752 1640 Manlius
786 1607 903 1637 arva
936 1589 1239 1634 Vativescae.

305 1674 442 1720 Haec
477 1680 577 1719 tam
613 1672 807 1727 rustica,
847 1669 1052 1714 delicate
1086 1668 1248 1725 lector,

305 1756 455 1802 Rides
490 1753 718 1799 nomina‘l
763 1749 921 1794 rideas
955 1748 1132 1795 licebit.

304 1836 442 1881 Haec
476 1839 579 1879 tam
613 1832 794 1877 rustica
827 1831 967 1887 malo,
1007 1844 1152 1890 quam
1187 1827 1452 1872 Butuntos.

761 2071 930 2117 LVII.

176 2210 310 2256 Dum
344 2223 429 2253 nos
463 2205 641 2251 blanda
674 2209 845 2249 tenent
878 2201 1048 2248 lascivi
1082 2205 1253 2260 stagna
1289 2196 1489 2243 Lucrini

243 2288 309 2333 Et
343 2301 465 2348 quae
499 2283 732 2346 pumiceis
765 2282 985 2327 fontibus
1020 2285 1162 2325 antra
1196 2278 1367 2334 calent,

176 2368 251 2413 Tu
285 2365 400 2412 colis
434 2365 586 2424 Argei
622 2378 838 2422 regnum,
879 2361 1126 2415 Faustine,
1167 2356 1337 2413 coloni,

245 2445 352 2501 Quo
384 2450 436 2492 te
469 2444 543 2490 bis
577 2443 790 2488 decimus
826 2439 961 2485 ducit
995 2439 1057 2483 ab
1092 2437 1211 2482 urbe
1246 2435 1381 2496 lapis.

180 2524 395 2569 Horrida
429 2523 512 2569 sed
546 2523 736 2567 fervent
771 2518 1003 2565 Nemeaei
1038 2524 1233 2577 pectora
1266 2512 1487 2569 monstri,

246 2604 349 2650 Nec
384 2605 500 2650 satis
535 2609 619 2661 est,
659 2602 805 2648 Baias
841 2601 952 2661 igne
988 2598 1139 2644 calere
1175 2611 1273 2642 suc.

1502 118 1562 162 55

1519 320 1573 348 10

1524 1118 1582 1146 20

1564 2525 1586 2572 5
