1732 2959
119 149 180 194 66
660 145 1050 192 MARTIALIS

251 251 460 297 Hermes
495 250 723 311 belligera
758 251 991 311 superbus
1024 249 1175 307 hasta,

252 327 461 374 Hermes
495 343 730 390 aequoreo
766 327 934 373 minax
968 327 1192 385 tridente,

252 409 461 455 Hermes
496 408 674 454 casside
707 407 936 468 languida
971 408 1229 465 timendus,

253 487 466 533 Hermes
500 487 654 549 gloria
689 486 865 532 Martis
899 486 1130 543 universi,

253 563 461 609 Hermes
496 562 658 608 omnia
693 563 821 608 solus
857 567 906 608 et
939 568 1016 608 ter
1049 579 1187 609 unus
1547 579 1599 624 15

777 711 953 757 XXV.

123 835 533 894 “Quadringenta
568 833 663 879 tibi
695 849 794 878 non
830 839 957 891 sunt,
998 833 1359 879 Chaerestrate:
1397 849 1550 894 surge,

186 915 355 960 Le'i'tus
391 930 495 959 ecce
530 913 695 960 venit:
743 914 815 958 st!
862 913 989 974 fuge,
1027 929 1177 970 curre,
1216 913 1358 959 late.’'

121 994 312 1055 Ecquis,
345 993 407 1051 io,
441 998 636 1038 revocat
670 992 1091 1053 discedentemque
1127 992 1343 1037 reducit?

186 1073 379 1135 Ecquis,
416 1074 474 1131 io,
515 1073 669 1134 largas
704 1072 878 1134 pandit
912 1073 1096 1118 amicus
1131 1073 1276 1133 opes?

123 1153 278 1210 Quem
336 1154 514 1200 chartis
560 1154 814 1215 famaeque
860 1153 1030 1199 damus
1076 1152 1362 1214 populisque
1411 1151 1609 1212 loquen-

255 1236 371 1281 dum
392 1238 408 1282 2
1577 1245 1600 1292 5

192 1316 310 1372 Quis
345 1315 538 1377 Stygios
571 1331 669 1361 non
704 1314 809 1360 volt
841 1318 974 1360 totus
1009 1314 1142 1359 adire
1176 1313 1307 1358 lacus
1326 1313 1341 1358 ’Ζ

124 1397 246 1454 Hoc,
283 1412 412 1456 rogo,
449 1411 548 1440 non
583 1395 769 1451 melius,
809 1410 954 1455 quam
990 1394 1136 1439 rubro
1170 1393 1362 1455 pulpita
1395 1392 1563 1437 nimbo

189 1475 422 1536 Spargere
457 1480 506 1521 et
541 1474 691 1520 effuso
726 1474 1054 1535 permaduisse
1089 1475 1259 1518 croco?

125 1555 281 1610 Quam
317 1570 417 1600 non
451 1570 650 1600 sensuro
687 1553 801 1599 dare
836 1553 1191 1615 quadringenta
1225 1552 1423 1610 caballo,

190 1635 387 1680 Aureus
422 1639 478 1679 ut
514 1634 679 1694 Scorpi
713 1649 860 1679 nasus
895 1633 1075 1693 ubique
1109 1633 1286 1678 micet?
1548 1646 1602 1675 10

125 1714 166 1759 O
203 1714 385 1759 frustra
418 1713 641 1774 locuples,
680 1728 722 1758 ο·
742 1712 1072 1758 dissimulator
1106 1711 1261 1768 amici,

191 1794 328 1840 Haec
363 1794 482 1855 legis
517 1800 566 1840 et
599 1794 797 1840 laudas?
865 1793 999 1849 Quae
1033 1792 1125 1837 tibi
1159 1791 1288 1837 fama
1322 1793 1478 1853 perit!

763 1944 969 1991 XXXI.

125 2058 318 2119 Aspice,
356 2073 501 2119 quam
537 2058 738 2121 placidis
772 2059 977 2104 insultet
1011 2058 1155 2103 turba
1194 2056 1410 2102 iuvencis

192 2142 260 2188 Et
294 2157 381 2187 sua
415 2155 561 2201 quam
596 2139 751 2184 facilis
785 2137 997 2199 pondera
1030 2141 1201 2182 taurus
1235 2140 1376 2181 amet.

127 2222 367 2269 Cornibus
401 2221 480 2265 hic
515 2219 692 2280 pendet
726 2218 938 2276 summis,
976 2232 1128 2278 vagus
1162 2217 1244 2261 ille
1277 2231 1365 2277 per
1398 2231 1555 2261 armos

194 2305 360 2353 Currit
394 2308 443 2350 et
478 2303 531 2348 in
565 2307 669 2348 toto
703 2301 912 2348 ventilat
946 2316 1082 2346 arma
1114 2299 1248 2345 bove.

127 2388 202 2434 At
234 2385 403 2433 feritas
437 2384 639 2429 immota
673 2382 828 2442 riget:
874 2396 973 2426 non
1007 2384 1132 2426 esset
1164 2379 1345 2424 harena
1582 2394 1605 2438 5

193 2467 364 2513 Tutior
399 2470 448 2512 et
483 2468 709 2526 poterant
742 2463 909 2508 fallere
943 2463 1086 2524 plana
1121 2460 1284 2521 magis.

128 2547 233 2594 Nec
266 2545 514 2608 trepidant
546 2551 724 2606 gestus,
756 2544 838 2589 sed
874 2544 932 2588 de
967 2542 1243 2588 discrimine
1277 2541 1465 2603 palmae

195 2627 400 2673 Securus
433 2640 554 2686 puer
589 2628 674 2681 est,
711 2622 1068 2683 sollicitumque
1102 2637 1258 2682 pecus.
