1732 2959
162 91 252 137 106
701 94 1092 142 MARTIALIS

157 197 400 244 Bessalem
434 199 496 245 ad
531 200 770 247 scutulam
805 207 943 248 sexto
978 205 1286 264 pervenimus
1320 223 1477 267 anno3

224 277 343 323 Post
377 278 505 325 hunc
539 281 589 325 iu
625 281 788 327 cotula
821 297 930 328 rasa
962 284 1139 330 selibra
1173 285 1289 332 data
1324 293 1408 334 est.

157 356 374 403 Octavus
407 359 609 420 ligulam
644 361 779 406 misit
813 368 1038 409 sextante
1072 366 1306 411 minorem
1323 384 1336 427 3

224 435 397 484 Nonus
431 455 520 484 acu
555 439 712 485 levius
746 441 832 486 vix
868 442 1111 489 cochleare
1146 445 1274 491 tulit.
1576 465 1632 494 10

157 516 298 571 Quod
332 517 499 563 mittat
533 520 671 564 nobis
706 520 919 567 decimus
952 522 1051 568 iam
1085 539 1183 570 non
1221 525 1366 571 habet
1400 507 1581 574 annus:

224 596 468 653 Quattuor
503 600 563 645 ad
598 600 756 658 libraS,
797 601 1125 661 Postumiane,
1163 605 1278 651 redi.

778 781 1003 829 LXXII.

358 896 592 942 Nondum
629 898 811 944 murice
847 899 1006 944 cultus
1043 916 1304 963 asperoque

358 976 529 1023 Morsu
564 978 768 1038 pumicis
804 978 928 1024 aridi
962 979 1144 1041 politus

358 1058 611 1104 Arcanum
647 1075 872 1121 properas
906 1061 1055 1122 sequi,
1094 1061 1271 1120 libelle,

360 1138 515 1194 Quem
551 1139 878 1200 pulcherrima
912 1141 1010 1187 iam
1044 1142 1202 1190 redire
1236 1134 1420 1199 Naer

359 1219 507 1265 Docti
541 1220 710 1266 Narbo
745 1221 960 1268 Paterna
990 1223 1206 1281 Votieni,
1612 1238 1635 1285 5

360 1298 443 1343 Ad
479 1299 606 1360 leges
641 1300 777 1346 iubet
812 1316 1094 1362 annuosque
1128 1301 1308 1359 fasces;

360 1376 506 1422 Votis
541 1378 669 1438 quod
703 1379 901 1440 paribus
936 1380 1028 1425 tibi
1064 1381 1328 1440 petendum
1364 1387 1450 1438 est,

361 1455 623 1517 Continget
657 1457 788 1503 locus
823 1457 905 1504 ille
940 1464 989 1504 et
1021 1458 1101 1505 hic
1143 1459 1338 1506 amicus,

361 1535 517 1591 Quam
553 1536 728 1583 vellem
761 1537 867 1583 fieri
900 1554 1037 1585 meus
1071 1539 1292 1586 libellus!

792 1716 1008 1764 LXXV.

165 1847 297 1893 Dum
333 1849 510 1910 repetit
545 1865 649 1895 sera
682 1850 941 1896 conductos
974 1855 1114 1896 nocte
1148 1855 1344 1911 penates

229 1925 479 1988 Lingonus
512 1944 541 1974 a
574 1929 720 1975 Tecta
755 1930 1089 1991 Flaminiaque
1129 1945 1307 1988 recens,

165 2006 373 2068 Expulit
411 2009 589 2055 offenso
629 2011 860 2056 vitiatum
898 2010 1070 2071 pollice
1107 2010 1260 2056 talum

230 2086 297 2132 Et
331 2088 480 2134 iacuit
513 2094 619 2135 toto
654 2105 850 2151 corpore
885 2089 1022 2136 fusus
1057 2089 1206 2136 humi.

164 2167 293 2223 Quid
329 2168 507 2215 faceret
542 2170 723 2228 Gallus,
762 2186 857 2232 qua
891 2186 941 2216 se
975 2170 1164 2216 ratione
1198 2171 1443 2217 moveret?
1614 2185 1638 2233 5

230 2248 429 2311 Ingenti
464 2250 658 2296 domino
693 2251 913 2296 servulus
946 2267 1073 2296 unus
1108 2256 1225 2308 erat,

164 2330 283 2378 Tam
316 2347 487 2388 macer,
513 2337 571 2377 ut
604 2331 856 2377 minimam
891 2339 1052 2393 posset
1085 2332 1172 2377 vix
1206 2331 1331 2377 ferre
1365 2331 1641 2378 lucernam:

233 2411 481 2459 Succurrit
513 2412 687 2457 misero
723 2428 859 2458 casus
894 2427 1128 2474 opemque
1161 2411 1290 2457 tulit.

165 2490 410 2547 Quattuor
443 2490 666 2551 inscripti
700 2492 959 2551 portabant
994 2491 1092 2536 vile
1126 2490 1340 2548 cadaver,

231 2571 428 2632 Accipit
460 2570 635 2616 infelix
670 2571 832 2632 qualia
868 2570 997 2616 mille
1031 2585 1185 2631 rogus.
1582 2586 1640 2617 10
