1732 2959
134 115 193 161 18

687 114 1074 161 MARTIALIS

780 351 974 397 xciii.
1005 334 1019 360 ¹*

264 472 483 518 Fabricio
518 473 713 518 iunctus
748 472 844 518 fido
879 473 1136 533 requiescit
1172 474 1411 534 Aquinus,

330 553 423 609 Qui
461 553 593 613 prior
628 552 818 613 Elysias
853 553 1030 613 gaudet
1062 553 1216 598 adisse
1251 554 1427 602 domos,

261 631 368 677 Ara
402 631 584 691 duplex
618 631 765 691 primi
799 636 1010 676 testatur
1043 647 1244 677 munera
1278 633 1389 693 pili:

329 710 448 756 Plus
483 716 647 756 tamen
682 716 768 770 est,
807 711 953 756 titulo
988 711 1116 772 quod
1150 712 1367 758 breviore
1401 713 1542 774 legis:

263 791 466 837 Iunctus
500 798 694 851 uterque
729 807 860 837 sacro
896 791 1119 837 laudatae
1138 790 1328 852 foedere
1362 793 1496 851 vitae,
1592 805 1617 854 5

327 871 572 932 Famaque
607 872 735 931 qaod
767 888 879 917 ‘raro
914 872 1060 928 movit,
1099 872 1282 918 amicus
1316 880 1428 920 erat.

779 1102 968 1148 XCIX.

327 1226 443 1272 Non
477 1227 673 1287 plenum
710 1226 850 1271 modo
885 1226 1067 1271 viciens
1102 1225 1323 1280 habebas,

328 1306 422 1352 Sed
455 1311 557 1352 tam
591 1306 819 1368 prodigus
853 1313 998 1366 atque
1033 1304 1245 1350 liberalis

329 1385 396 1431 Et
430 1390 529 1430 tam
565 1385 728 1430 lautus
763 1400 879 1441 eras,
919 1383 1202 1440 Calene‚‘“ut
1236 1398 1400 1429 onmes

329 1464 568 1526 Optarent
601 1465 693 1510 tibi
728 1465 941 1510 centiens
977 1465 1129 1509 amici.

327 1545 488 1590 Audit
520 1549 635 1589 vota
670 1543 787 1589 deus
821 1559 1076 1605 precesque
1112 1548 1298 1588 nostras
1590 1556 1616 1604 5

330 1626 498 1684 Atque
532 1623 677 1681 intra,
715 1628 847 1683 puto,
887 1624 1114 1682 septimas
1152 1620 1400 1666 Kalendas

331 1703 518 1749 Mortes
553 1703 642 1747 hoc
675 1703 763 1747 tibi
804 1706 1035 1763 quattuor
1068 1701 1310 1745 dederunt.

333 1784 402 1828 At
436 1788 492 1828 tu
526 1781 593 1827 sic
628 1781 765 1842 quasi
798 1797 898 1826 non
932 1780 1055 1825 foret
1089 1780 1323 1836 relictum,

333 1862 427 1908 Sed
462 1867 657 1923 raptum
692 1861 785 1906 tibi
818 1861 1043 1916 centiens
1081 1860 1226 1905 abisti

332 1942 396 1988 In
431 1949 620 1989 tantam
654 1943 799 1988 miser
834 1942 1156 1997 esuritionem,
1564 1954 1620 1983 10

331 2024 408 2070 Ut
443 2024 662 2070 convivia
697 2022 1064 2084 sumptuosiora,

332 2105 453 2150 Toto
489 2119 610 2165 quae
646 2103 790 2149 semel
825 2116 1029 2163 apparas
1062 2099 1115 2144 in
1149 2115 1288 2156 anno,

333 2184 518 2245 Nigrae
553 2183 774 2229 sordibus
808 2181 1016 2243 explices
1051 2185 1282 2236 monetae,

337 2265 403 2310 Et
438 2269 619 2325 septem
655 2270 840 2308 veteres
875 2262 949 2306 tui
984 2260 1169 2306 sodales

335 2345 619 2390 Constemus
653 2342 745 2387 tibi
779 2341 1004 2402 plumbea
1035 2340 1222 2386 selibra.
1565 2350 1618 2395 15

334 2421 464 2476 Quid
497 2420 698 2481 dignum
733 2419 918 2464 meritis
953 2433 1201 2479 precemur
1235 2415 1376 2461 istis?

338 2503 573 2563 Optamus
608 2501 699 2546 tibi
734 2500 937 2556 miliens,
978 2499 1164 2546 Calene.

334 2579 442 2625 Hoc
477 2580 517 2625 si
551 2580 819 2641 contigerit,
858 2579 981 2623 fame
1017 2576 1205 2639 peribis.
