1732 2959
498 856 566 908 M.
618 856 776 908 VAL.
827 855 1230 907 MARTIALIS

452 1022 1290 1084 EPIGRAMMATON

674 1207 941 1253 LIBER
977 1207 1048 1254 Π.

414 1342 513 1390 Val.
551 1341 800 1387 stlartialis
834 1341 1047 1388 Deciano
1083 1341 1180 1388 Suo
1216 1342 1313 1390 Sal.

221 1459 400 1515 “Qum
448 1460 624 1506 nobis'⁷
674 1462 834 1522 inquis
884 1466 1036 1508 “cum
1082 1464 1318 1524 epistola'l
1371 1480 1606 1526 parumne

118 1540 210 1585 tibi
256 1529 567 1602 Praestamus,
606 1542 648 1588 si
692 1543 895 1604 legimus
942 1544 1321 1606 epigrammata?
1369 1547 1486 1608 quid
1527 1547 1606 1594 hic

116 1636 258 1681 porro
298 1621 515 1668 dicturus
562 1639 625 1680 οε,
662 1624 792 1684 quod
833 1640 930 1670 non
965 1626 1118 1685 possis
1154 1626 1374 1672 versibus
1411 1627 1602 1674 dicere?

120 1699 278 1746 Video
302 1717 449 1762 quare
473 1703 744 1763 tragoediae
772 1709 918 1764 atque
950 1703 1220 1750 comoediae
1252 1706 1502 1766 epistolam
1526 1723 1598 1752 ac-

119 1780 315 1841 cipiant,
353 1782 529 1842 quibus
564 1799 650 1844 pro
686 1798 735 1828 se
769 1781 903 1841 loqui
936 1797 1035 1827 non
1070 1782 1212 1829 licet:
1254 1784 1602 1846 epigrammata
1669 1803 1691 1847 5

119 1859 314 1905 curione
345 1875 444 1905 non
483 1865 626 1921 egent
659 1865 709 1905 et
746 1865 974 1906 contenta
1015 1867 1131 1907 sunt
1166 1878 1253 1908 sua
1292 1863 1470 1924 lingua.
1542 1865 1606 1911 In

120 1956 405 2002 quacunque
440 1941 617 2002 pagina
639 1941 798 1986 visum
824 1947 911 1999 est,
939 1942 1190 2003 epistolam
1217 1943 1414 1990 faciunt.
1486 1945 1605 1991 Noli

116 2035 242 2079 ergo,
271 2020 312 2064 si
349 2020 442 2066 tibi
478 2021 686 2078 videtur,
713 2037 816 2067 rem
852 2021 1007 2067 facere
1045 2021 1298 2067 ridiculam
1336 2027 1384 2069 et
1415 2023 1467 2069 in
1492 2029 1602 2086 toga

117 2099 377 2145 saltantem
402 2100 630 2146 inducere
653 2117 921 2162 personam.
995 2100 1220 2163 Denique
1252 2103 1440 2159 videris,
1466 2119 1529 2149 an
1553 2110 1602 2150 te

117 2177 322 2224 delectet
346 2184 513 2225 contra
536 2180 787 2226 retiarium
812 2181 979 2227 ferula.
1056 2180 1156 2242 Ego
1179 2182 1308 2228 inter
1330 2181 1439 2227 illos
1464 2183 1601 2229 sedeo
1635 2202 1687 2231 [ο

117 2259 203 2319 qui
240 2259 461 2320 protinus
497 2261 804 2306 reclamant.''
874 2260 1004 2305 Puto
1036 2277 1111 2306 me
1136 2261 1341 2319 hercule,
1371 2262 1597 2321 Deciane‚

120 2355 288 2384 verum
326 2339 457 2387 dicis.
531 2340 673 2395 Quid,
699 2340 740 2385 si
775 2340 907 2396 scias,
935 2357 1044 2386 cum
1083 2357 1177 2402 qua
1214 2347 1263 2387 et
1287 2357 1433 2402 quam
1458 2342 1598 2404 longa

117 2421 320 2483 epistola
378 2422 626 2483 negotium
673 2421 822 2467 fueris
868 2422 1156 2468 habiturus?
1247 2422 1422 2484 Itaque
1470 2425 1597 2485 quod

115 2499 269 2559 exigis
316 2499 411 2546 fiat.
484 2500 746 2546 Debebunt
793 2500 884 2544 tibi
930 2501 971 2545 si
1017 2501 1103 2561 qui
1147 2500 1201 2546 in
1246 2500 1374 2547 hunc
1420 2502 1598 2548 librum

116 2579 390 2636 inciderint,
423 2580 550 2641 quod
592 2580 653 2626 ad
693 2580 896 2648 primam
939 2581 1164 2641 paginam
1206 2596 1303 2626 non
1346 2582 1457 2628 lassi
1492 2599 1596 2644 per·
1627 2607 1679 2653 15

116 2658 323 2705 venient.
