1732 2959
624 104 757 151 LIB.
820 102 963 149 VIII.
1432 102 1522 150 105

279 212 425 259 Vatis
461 211 721 258 Castaliam
758 210 956 256 domum
992 225 1176 256 sonare.
1498 221 1522 268 5

278 293 464 338 Rerum
498 291 654 352 prima
689 290 818 336 salus
852 296 902 335 et
938 305 1036 334 una
1072 287 1261 344 Caesar,

280 371 525 419 Gaudenti
558 375 775 431 superest
809 369 966 415 adhuc
1001 368 1128 429 quod
1164 372 1311 429 optet,

279 453 420 499 Felix
454 467 671 513 purpura
703 451 977 511 tertiusque
1011 449 1189 495 consul.

280 532 509 594 Pompeio
544 531 730 576 dederit
765 529 878 575 licet
914 535 1109 576 senatus

279 613 346 658 Et
382 611 555 658 Caesar
587 625 763 671 genero
798 624 954 654 sacros
991 609 1208 665 honores,
1469 625 1526 655 10

281 693 498 748 Quorum
533 690 759 752 pacificus
793 693 870 734 ter
904 687 1157 749 ampliavit

278 771 428 816 Ianus
462 769 688 815 nomina:
726 767 874 814 Silius
908 767 1182 827 frequentes

279 849 472 896 Mavolt
506 848 574 894 sic
608 861 864 892 numerare
899 845 1191 891 consulatus.

679 1020 898 1066 LXVII.

53 1148 216 1194 Horas
250 1144 464 1207 quinque
499 1158 619 1204 puer
654 1141 869 1188 nondum
903 1140 996 1186 tibi
1031 1138 1245 1197 nunciat,
1284 1142 1333 1184 et
1367 1143 1419 1183 tu

118 1227 227 1273 Iam
261 1225 465 1272 conviva
499 1222 633 1279 mihi,
674 1221 956 1278 Caeciliano,
996 1219 1146 1275 venis,

54 1308 178 1355 Cum
211 1306 352 1352 modo
388 1303 670 1350 distulerint
703 1317 875 1348 raucae
909 1299 1188 1346 vadimonia
1222 1303 1424 1360 quartae

119 1387 184 1433 Et
219 1385 500 1433 Floralicias
534 1384 680 1430 lasset
712 1382 895 1428 harena
928 1380 1065 1426 feras.

55 1469 219 1525 Curre,
257 1481 357 1527 age,
395 1470 445 1510 et
477 1464 640 1510 illotos
674 1478 858 1520 revoca,
901 1460 1112 1517 Calliste,
1150 1458 1431 1515 ministros3
1505 1471 1530 1518 5

121 1548 415 1594 Sternantur
448 1543 593 1590 lecti:
631 1542 916 1599 Caeciliam,
954 1540 1076 1586 sede.

56 1627 256 1675 Caldam
289 1625 444 1687 poscis
478 1638 682 1685 aquam3
718 1621 934 1667 nondum
969 1618 1092 1665 mihi
1125 1618 1303 1680 frigida
1337 1617 1502 1676 venit5

121 1707 275 1768 Alget
309 1705 466 1751 adhuc
501 1703 631 1749 nudo
667 1703 800 1748 clusa
834 1701 997 1747 culina
1030 1699 1151 1746 foco.

57 1787 207 1833 Mane
240 1785 355 1831 veni
388 1783 579 1846 potius;
613 1798 728 1828 nam
764 1798 848 1828 cur
882 1787 931 1827 te
966 1780 1140 1842 quinta
1175 1779 1428 1825 moretur?

125 1866 200 1913 Ut
233 1865 404 1920 iantes,
442 1879 560 1919 sero,
599 1861 884 1918 Caeciliane,
922 1859 1072 1907 venis.
1480 1873 1537 1902 10

697 2045 889 2090 LXXI.
944 2046 949 2049 ’

62 2169 306 2226 Quattuor
339 2167 529 2230 argenti
561 2167 710 2213 libras
745 2165 867 2211 mihi
901 2171 1116 2225 tempore
1150 2163 1349 2208 brumae

127 2248 312 2295 Misisti
336 2255 461 2294 ‘ante
494 2263 658 2304 annos,
697 2246 1025 2300 Postumiane,
1062 2244 1237 2290 decem.

63 2327 287 2390 Speranti
321 2328 662 2388 plures—nam
697 2333 825 2372 stare
860 2332 946 2371 aut
981 2338 1189 2370 crescere
1229 2322 1406 2367 debent

128 2407 645 2454 Munera—venerunt
679 2406 847 2467 plusve
883 2404 1106 2450 minusve
1141 2403 1275 2447 duae.

63 2487 256 2534 Tertius
289 2493 338 2533 et
371 2491 571 2549 quartus
605 2484 760 2530 multo
793 2483 1022 2529 inferiora
1056 2481 1289 2527 tulerunt.
1515 2490 1539 2536 5

130 2567 279 2612 Libra
312 2565 408 2611 fuit
442 2564 612 2626 quinto
648 2562 924 2624 Septiciana
959 2561 1165 2623 quidem.
