1732 2959
119 109 210 154 152
669 102 1050 150 MARTIALIS

117 217 244 275 mali,
270 216 323 262 in
347 215 522 278 pusillo
554 215 655 260 loco
687 212 860 271 multi,
907 212 1135 257 adversus
1160 210 1287 271 quod
1311 209 1503 255 difficile
1527 214 1599 255 est

116 296 292 341 habere
327 294 501 342 cotidie
535 294 716 339 bonum
751 291 1064 337 stomachum.
1138 289 1216 334 Ne
1241 289 1429 334 mireris
1452 288 1602 349 igitur

116 374 301 420 abiecta
333 374 394 420 ab
429 373 714 433 indignante
750 387 872 432 quae
907 386 935 416 a
968 369 1202 431 gestiente
1234 368 1339 415 fieri
1368 369 1597 414 solebant.

117 455 195 501 Ne
231 455 347 516 quid
382 460 547 500 tamen
581 459 630 498 et
653 452 933 498 advenienti
969 451 1062 497 tibi
1086 451 1148 496 ab
1172 451 1291 496 urbe
1316 454 1365 496 et
1387 449 1603 510 exigenti

117 532 504 596 negarem,—cui
527 547 626 577 non
644 531 797 577 refero
814 531 1037 591 gratiam,
1055 530 1098 575 si
1122 535 1313 575 tantum
1336 544 1391 574 ea
1414 533 1602 588 praesto

117 629 238 675 quae
273 611 787 674 possum,—imperavi
821 611 956 669 mihi,
983 611 1109 672 quod
1134 611 1383 670 indulgere
1408 624 1601 654 consue-

118 710 252 751 ramj,
301 700 350 738 et
372 690 540 737 studui
573 691 874 752 paucissimis
906 691 1086 747 diebus,
1115 695 1171 735 ut
1203 688 1603 735 familiarissimas

118 774 239 819 mihi
273 789 411 819 aures
445 778 556 817 tuas
588 772 859 833 exciperem
884 770 1168 816 adventoria
1191 785 1289 815 sua.
1361 768 1435 813 Tu
1460 767 1605 813 velim

117 856 227 912 ista,
255 869 377 915 quae
400 857 594 899 tantum
619 851 747 913 apud
770 856 820 897 te
843 867 942 896 non
970 849 1322 911 periclitantur,
1352 847 1606 909 diligenter

118 934 372 978 aestimare
428 936 478 977 et
523 936 748 977 excutere
795 945 893 975 non
939 928 1155 990 graveris
1171 943 1184 985 3
1232 932 1295 983 et,
1338 926 1467 987 quod
1512 925 1603 970 tibi

118 1011 455 1057 difficillimum
513 1016 599 1069 est,
655 1009 712 1055 de
769 1008 912 1069 nugis
969 1007 1147 1053 nostris
1205 1006 1388 1052 iudices
1445 1005 1602 1050 nitore

118 1092 339 1153 seposito,
365 1108 427 1137 ne
463 1091 685 1147 Romam,
713 1090 754 1135 si
787 1090 859 1135 ita
880 1088 1160 1144 decreveris,
1188 1103 1287 1132 non
1311 1086 1604 1147 Hispanien-

118 1189 218 1220 sem
242 1173 507 1229 mittamus,
537 1171 618 1216 sed
646 1171 935 1231 Hispanum.

842 1343 882 1390 Ι.

253 1466 399 1512 Retia
433 1465 550 1510 dum
586 1470 772 1511 cessant
807 1463 1158 1523 latratoresque
1195 1459 1395 1506 Molossi

317 1545 383 1591 Et
417 1561 516 1591 non
550 1546 751 1590 invento
786 1544 911 1589 silva
945 1542 1150 1604 quiescit
1185 1557 1314 1603 apro,

255 1625 382 1683 Otia,
420 1625 598 1683 Prisce,
634 1623 772 1669 brevi
806 1622 987 1684 poteris
1023 1621 1203 1667 donare
1239 1619 1416 1665 libello.

319 1705 459 1751 Hora
494 1720 580 1750 nec
616 1703 800 1750 aestiva
836 1708 909 1748 est
944 1717 1033 1748 nec
1069 1700 1163 1746 tibi
1197 1705 1301 1745 tota
1334 1699 1471 1761 perit.

815 1884 916 1931 III.

126 2013 205 2059 Ad
240 2011 443 2074 populos
480 2009 611 2055 mitti
646 2008 731 2070 qui
767 2021 923 2067 nuper
958 2005 1017 2050 ab
1053 2005 1172 2050 urbe
1209 2003 1407 2058 solebas,

189 2092 305 2149 Ibis,
343 2091 403 2148 io,
442 2090 651 2134 Romam
685 2103 815 2133 nunc
850 2085 1100 2147 peregrine
1136 2083 1270 2138 liber,

125 2169 348 2216 Auriferi
382 2168 442 2214 de
476 2173 619 2228 gente
654 2165 773 2227 Tagi
807 2165 1067 2225 tetricique
1102 2162 1304 2217 Salonis,

195 2251 296 2296 Dat
330 2249 512 2310 patrios
547 2261 712 2292 manes
747 2262 870 2307 quae
906 2243 1027 2290 mihi
1059 2248 1192 2288 terra
1225 2246 1406 2302 potens.

126 2332 241 2378 Non
263 2336 428 2376 tamen
451 2329 621 2389 hospes
645 2328 751 2384 eris,
778 2342 865 2372 nec
889 2327 986 2371 iam
1010 2329 1146 2386 potes
1171 2321 1360 2368 advena
1383 2320 1493 2373 dici,
1584 2334 1606 2380 5

192 2412 341 2459 Cuius
375 2411 522 2457 habet
556 2410 727 2455 fratres
762 2413 836 2453 tot
871 2407 1040 2452 domus
1075 2404 1175 2450 alta
1209 2402 1364 2448 Remi.

126 2494 241 2539 Iure
275 2498 360 2538 tuo
395 2489 669 2536 veneranda
703 2488 818 2534 novi
852 2492 962 2549 pete
996 2485 1167 2531 limina
1201 2482 1385 2544 templi,

194 2572 406 2618 Reddita
440 2570 604 2629 Pierio
635 2573 750 2614 sunt
785 2567 869 2613 ubi
905 2565 1084 2626 templa
1120 2563 1276 2609 choro.
