1732 2959
115 103 175 148 14
657 98 1046 145 M’ARTIALIS

179 207 314 262 Quae
348 211 434 252 tua
468 191 690 252 traducit*
716 204 973 252 manifesto
1008 205 1220 251 carmina
1252 206 1396 251 furto.

179 288 258 334 Sic
291 287 609 348 interpositus
642 286 762 331 villo
797 285 1096 331 contaminat
1132 290 1278 330 uncto

179 369 365 416 Urbica
399 368 694 430 Lingonicus
728 368 1050 428 Tyrianthina
1086 366 1462 422 bardocucullus,

180 450 259 495 Sic
294 449 557 494 Arretinae
592 447 780 493 violant
814 447 1096 508 crystallina
1127 452 1291 503 testae,

181 525 259 571 Sic
293 525 431 586 niger
464 524 514 569 in
550 523 669 584 ripis
706 528 836 570 errat
870 508 979 568 etun
1014 523 1140 568 forte
1176 522 1381 583 Caystri,

180 606 321 652 Inter
354 604 567 650 Ledaeos
602 603 791 648 ridetur
825 619 997 648 corvus
1031 603 1198 659 olores,

182 685 261 732 Sic
295 685 380 731 ubi
414 683 677 729 multisona
712 684 870 728 fervet
905 698 1037 728 sacer
1070 683 1279 729 Atthide
1314 683 1463 741 luem,

182 765 412 826 Improba
448 762 701 824 Cecropias
736 761 937 808 offendit
971 761 1078 822 pica
1112 762 1362 822 querellas.

180 845 347 892 Indice
381 860 479 889 non
513 859 632 905 opus
667 847 739 889 est
773 843 951 888 nostris
986 856 1074 887 nec
1108 841 1264 887 iudice
1299 841 1448 899 libris,

1541 778 1598 808 10

183 926 293 973 Stat
328 930 497 972 contra
532 924 746 985 dicitque
781 922 873 968 tibi
907 928 993 968 tua
1028 922 1205 983 pagina
1242 922 1386 966 “Fur
1420 924 1510 968 es.’'

781 1112 920 1160 LXI.
956 1114 959 1118 ’
974 1118 978 1122 ’

316 1239 515 1285 Verona
550 1236 681 1283 docti
716 1235 925 1297 syllabas
959 1241 1091 1281 amat
1126 1236 1266 1291 vatis,

384 1319 589 1365 Marone
625 1317 747 1364 felix
782 1317 994 1362 Mantua
1029 1322 1114 1372 est,

229 1435 231 1437 .
317 1399 554 1447 Censetur
587 1398 766 1459 Apona
802 1395 944 1442 Livio
980 1412 1065 1442 suo
1100 1396 1246 1442 tellus

385 1476 630 1538 Stellaque
665 1492 752 1522 nec
788 1475 958 1546 Flacco
993 1475 1170 1538 minus,

318 1557 614 1620 Apollodoro
650 1556 842 1618 plaudit
866 1539 1098 1601 imbrifer
1131 1555 1290 1609 Nilus,

383 1638 580 1684 Nasone
617 1636 807 1697 Peligni
843 1630 1032 1692 sonant,

319 1720 550 1780 Duosque
588 1718 790 1764 Senecas
825 1716 1119 1777 unicumque
1155 1696 1402 1760 Lucanum

385 1797 613 1844 Facunda
653 1796 869 1857 loquitur
905 1795 1141 1852 Corduba,

319 1877 550 1923 Gaudent
585 1876 770 1921 iocosae
806 1873 958 1921 Canio
994 1889 1079 1919 suo
1121 1872 1294 1930 Gades,

386 1956 606 2002 Emerita
642 1955 858 2001 Deciano
892 1969 1025 1999 meo:

318 2036 397 2094 Te,
437 2035 703 2093 Liciniane,
741 2033 1030 2096 gloriabitur
1069 2037 1248 2089 nostra,

387 2115 492 2161 Nec
527 2131 603 2161 me
637 2114 817 2160 tacebit
857 2112 1056 2159 Bilbilis.

773 2302 962 2348 LXVI.
998 2339 1002 2341 ,

127 2427 272 2475 Erras
306 2442 523 2473 meorum
558 2426 636 2471 fur
671 2440 814 2471 avare
849 2424 1096 2478 librorum,

127 2507 258 2554 Fieri
293 2511 484 2569 poetam
516 2521 654 2567 posse
690 2505 770 2565 qui
808 2508 950 2564 putas
985 2505 1138 2558 tanto,

128 2588 378 2650 Scriptura
411 2586 583 2649 quanti
618 2589 807 2631 constat
842 2588 891 2629 et
924 2587 1084 2628 tonius
1119 2580 1241 2625 vilis.

1551 1966 1603 1996 10
