<?xml version="1.0" encoding="UTF-8"?>
<!DOCTYPE html PUBLIC "-//W3C//DTD XHTML 1.0 Transitional//EN"
    "http://www.w3.org/TR/xhtml1/DTD/xhtml1-transitional.dtd">
<html xmlns="http://www.w3.org/1999/xhtml" xml:lang="en" lang="en">
 <head>
  <title>
</title>
<meta http-equiv="Content-Type" content="text/html;charset=utf-8" />
  <meta name='ocr-system' content='tesseract 3.04.00' />
  <meta name='ocr-capabilities' content='ocr_page ocr_carea ocr_par ocr_line ocrx_word'/>
</head>
<body>
  <div class='ocr_page' id='page_1' title='image "./selectepigramsfr00martrich/selectepigramsfr00martrich_0062.png"; bbox 0 0 1732 2959; ppageno 0'>
   <div class='ocr_carea' id='block_1_1' title="bbox 63 106 1005 155">
    <p class='ocr_par' dir='ltr' id='par_1_1' title="bbox 63 106 1005 155">
     <span class='ocr_line' id='line_1_1' title="bbox 63 106 1005 155; baseline 0.002 -2"><span class='ocrx_word' id='word_1_1' title='bbox 63 108 122 153; x_wconf 88' lang='lat'>36</span> <span class='ocrx_word' id='word_1_2' title='bbox 615 106 1005 155; x_wconf 76' lang='lat' dir='ltr'><em>MARTJALIS</em></span> 
     </span>
    </p>
   </div>
   <div class='ocr_carea' id='block_1_2' title="bbox 778 291 840 336">
    <p class='ocr_par' dir='ltr' id='par_1_2' title="bbox 778 291 840 336">
     <span class='ocr_line' id='line_1_2' title="bbox 778 291 840 336; baseline 0.016 -1"><span class='ocrx_word' id='word_1_3' title='bbox 778 291 840 336; x_wconf 93' lang='lat' dir='ltr'>V.</span> 
     </span>
    </p>
   </div>
   <div class='ocr_carea' id='block_1_3' title="bbox 98 384 1553 1320">
    <p class='ocr_par' dir='ltr' id='par_1_3' title="bbox 98 384 1367 520">
     <span class='ocr_line' id='line_1_3' title="bbox 98 384 1367 442; baseline -0.001 -12"><span class='ocrx_word' id='word_1_4' title='bbox 98 386 189 432; x_wconf 86' lang='lat' dir='ltr'>Vis</span> <span class='ocrx_word' id='word_1_5' title='bbox 224 384 550 432; x_wconf 88' lang='lat' dir='ltr'>commendari</span> <span class='ocrx_word' id='word_1_6' title='bbox 584 386 687 430; x_wconf 90' lang='lat' dir='ltr'>sine</span> <span class='ocrx_word' id='word_1_7' title='bbox 722 399 798 429; x_wconf 89' lang='lat' dir='ltr'>me</span> <span class='ocrx_word' id='word_1_8' title='bbox 834 400 1061 429; x_wconf 84' lang='lat' dir='ltr'>cursurus</span> <span class='ocrx_word' id='word_1_9' title='bbox 1095 384 1148 429; x_wconf 89' lang='lat' dir='ltr'>in</span> <span class='ocrx_word' id='word_1_10' title='bbox 1184 384 1367 442; x_wconf 87' lang='lat' dir='ltr'>urbem,</span> 
     </span>
     <span class='ocr_line' id='line_1_4' title="bbox 161 462 1281 520; baseline -0.002 -9"><span class='ocrx_word' id='word_1_11' title='bbox 161 465 319 512; x_wconf 83' lang='lat' dir='ltr'>Parve</span> <span class='ocrx_word' id='word_1_12' title='bbox 354 465 488 520; x_wconf 90' lang='lat' dir='ltr'>liber,</span> <span class='ocrx_word' id='word_1_13' title='bbox 526 463 710 517; x_wconf 86' lang='lat' dir='ltr'>multis,</span> <span class='ocrx_word' id='word_1_14' title='bbox 743 478 806 506; x_wconf 86' lang='lat' dir='ltr'>an</span> <span class='ocrx_word' id='word_1_15' title='bbox 841 462 959 507; x_wconf 88' lang='lat' dir='ltr'>satis</span> <span class='ocrx_word' id='word_1_16' title='bbox 995 479 1121 508; x_wconf 88' lang='lat' dir='ltr'>unus</span> <span class='ocrx_word' id='word_1_17' title='bbox 1156 463 1281 509; x_wconf 68' lang='lat' dir='ltr'>erit?</span> 
     </span>
    </p>

    <p class='ocr_par' dir='ltr' id='par_1_4' title="bbox 98 541 1499 681">
     <span class='ocr_line' id='line_1_5' title="bbox 98 541 1499 602; baseline -0.004 -11"><span class='ocrx_word' id='word_1_18' title='bbox 98 545 242 591; x_wconf 89' lang='lat' dir='ltr'>Unus</span> <span class='ocrx_word' id='word_1_19' title='bbox 277 544 385 602; x_wconf 87' lang='lat' dir='ltr'>erit,</span> <span class='ocrx_word' id='word_1_20' title='bbox 423 543 546 589; x_wconf 91' lang='lat' dir='ltr'>mihi</span> <span class='ocrx_word' id='word_1_21' title='bbox 581 542 732 598; x_wconf 87' lang='lat' dir='ltr'>crede,</span> <span class='ocrx_word' id='word_1_22' title='bbox 771 541 901 599; x_wconf 87' lang='lat' dir='ltr'>satis,</span> <span class='ocrx_word' id='word_1_23' title='bbox 939 543 1016 587; x_wconf 87' lang='lat' dir='ltr'>cui</span> <span class='ocrx_word' id='word_1_24' title='bbox 1053 557 1151 587; x_wconf 91' lang='lat' dir='ltr'>non</span> <span class='ocrx_word' id='word_1_25' title='bbox 1186 542 1280 587; x_wconf 88' lang='lat' dir='ltr'>eris</span> <span class='ocrx_word' id='word_1_26' title='bbox 1315 542 1499 602; x_wconf 84' lang='lat' dir='ltr'>hospes,</span> 
     </span>
     <span class='ocr_line' id='line_1_6' title="bbox 164 621 1190 681; baseline -0.004 -11"><span class='ocrx_word' id='word_1_27' title='bbox 164 625 337 681; x_wconf 77' lang='lat' dir='ltr'>Iulius,</span> <span class='ocrx_word' id='word_1_28' title='bbox 375 623 624 669; x_wconf 89' lang='lat' dir='ltr'>assiduum</span> <span class='ocrx_word' id='word_1_29' title='bbox 660 637 836 666; x_wconf 88' lang='lat' dir='ltr'>nomen</span> <span class='ocrx_word' id='word_1_30' title='bbox 870 621 923 665; x_wconf 90' lang='lat' dir='ltr'>in</span> <span class='ocrx_word' id='word_1_31' title='bbox 957 637 1038 667; x_wconf 90' lang='lat' dir='ltr'>ore</span> <span class='ocrx_word' id='word_1_32' title='bbox 1074 637 1190 667; x_wconf 91' lang='lat' dir='ltr'>meo.</span> 
     </span>
    </p>

    <p class='ocr_par' dir='ltr' id='par_1_5' title="bbox 98 701 1547 842">
     <span class='ocr_line' id='line_1_7' title="bbox 98 701 1547 763; baseline -0.002 -13"><span class='ocrx_word' id='word_1_33' title='bbox 98 704 330 750; x_wconf 74' lang='lat' dir='ltr'>Protinus</span> <span class='ocrx_word' id='word_1_34' title='bbox 365 703 495 748; x_wconf 91' lang='lat' dir='ltr'>hunc</span> <span class='ocrx_word' id='word_1_35' title='bbox 530 702 714 763; x_wconf 81' lang='lat' dir='ltr'><strong>primae</strong></span> <span class='ocrx_word' id='word_1_36' title='bbox 748 716 949 762; x_wconf 82' lang='lat' dir='ltr'>quaeres</span> <span class='ocrx_word' id='word_1_37' title='bbox 983 701 1037 745; x_wconf 87' lang='lat' dir='ltr'>in</span> <span class='ocrx_word' id='word_1_38' title='bbox 1071 701 1238 747; x_wconf 89' lang='lat' dir='ltr'>limine</span> <span class='ocrx_word' id='word_1_39' title='bbox 1272 701 1475 748; x_wconf 78' lang='lat' dir='ltr'>Tectae:</span> <span class='ocrx_word' id='word_1_40' title='bbox 1524 717 1547 763; x_wconf 85' lang='lat'><strong>5</strong></span> 
     </span>
     <span class='ocr_line' id='line_1_8' title="bbox 164 780 1414 842; baseline -0.002 -13"><span class='ocrx_word' id='word_1_41' title='bbox 164 784 298 840; x_wconf 81' lang='lat' dir='ltr'>Quos</span> <span class='ocrx_word' id='word_1_42' title='bbox 334 781 498 828; x_wconf 88' lang='lat' dir='ltr'>tenuit</span> <span class='ocrx_word' id='word_1_43' title='bbox 534 780 771 842; x_wconf 84' lang='lat' dir='ltr'><strong>Daphnis,</strong></span> <span class='ocrx_word' id='word_1_44' title='bbox 807 796 939 826; x_wconf 91' lang='lat' dir='ltr'>nunc</span> <span class='ocrx_word' id='word_1_45' title='bbox 972 785 1110 826; x_wconf 86' lang='lat' dir='ltr'>tenet</span> <span class='ocrx_word' id='word_1_46' title='bbox 1144 781 1239 838; x_wconf 86' lang='lat' dir='ltr'>ille,</span> <span class='ocrx_word' id='word_1_47' title='bbox 1279 782 1414 827; x_wconf 81' lang='lat' dir='ltr'>lares,</span> 
     </span>
    </p>

    <p class='ocr_par' dir='ltr' id='par_1_6' title="bbox 99 860 1398 1005">
     <span class='ocr_line' id='line_1_9' title="bbox 99 860 1398 922; baseline -0.002 -13"><span class='ocrx_word' id='word_1_48' title='bbox 99 864 189 910; x_wconf 87' lang='lat' dir='ltr'>Est</span> <span class='ocrx_word' id='word_1_49' title='bbox 221 864 295 909; x_wconf 89' lang='lat' dir='ltr'>illi</span> <span class='ocrx_word' id='word_1_50' title='bbox 330 863 557 918; x_wconf 83' lang='lat' dir='ltr'>coniunx,</span> <span class='ocrx_word' id='word_1_51' title='bbox 595 877 719 922; x_wconf 87' lang='lat' dir='ltr'>quae</span> <span class='ocrx_word' id='word_1_52' title='bbox 755 867 803 905; x_wconf 92' lang='lat' dir='ltr'>te</span> <span class='ocrx_word' id='word_1_53' title='bbox 839 860 1157 921; x_wconf 76' lang='lat' dir='ltr'>manibusque</span> <span class='ocrx_word' id='word_1_54' title='bbox 1193 860 1398 922; x_wconf 84' lang='lat' dir='ltr'>sinuque</span> 
     </span>
     <span class='ocr_line' id='line_1_10' title="bbox 163 941 1151 1005; baseline -0.002 -16"><span class='ocrx_word' id='word_1_55' title='bbox 163 943 404 1005; x_wconf 73' lang='lat' dir='ltr'>Excipiet,</span> <span class='ocrx_word' id='word_1_56' title='bbox 447 948 503 987; x_wconf 92' lang='lat' dir='ltr'>tu</span> <span class='ocrx_word' id='word_1_57' title='bbox 539 942 618 987; x_wconf 89' lang='lat' dir='ltr'>vel</span> <span class='ocrx_word' id='word_1_58' title='bbox 653 941 1025 1003; x_wconf 74' lang='lat' dir='ltr'>pulverulentus</span> <span class='ocrx_word' id='word_1_59' title='bbox 1059 956 1151 987; x_wconf 74' lang='lat' dir='ltr'>eas,</span> 
     </span>
    </p>

    <p class='ocr_par' dir='ltr' id='par_1_7' title="bbox 101 1019 1553 1156">
     <span class='ocr_line' id='line_1_11' title="bbox 101 1019 1408 1082; baseline -0.004 -13"><span class='ocrx_word' id='word_1_60' title='bbox 101 1023 207 1069; x_wconf 86' lang='lat' dir='ltr'>Hos</span> <span class='ocrx_word' id='word_1_61' title='bbox 241 1029 299 1067; x_wconf 84' lang='lat' dir='ltr'>tu</span> <span class='ocrx_word' id='word_1_62' title='bbox 333 1037 416 1067; x_wconf 88' lang='lat' dir='ltr'>seu</span> <span class='ocrx_word' id='word_1_63' title='bbox 451 1020 633 1082; x_wconf 81' lang='lat' dir='ltr'>pariter</span> <span class='ocrx_word' id='word_1_64' title='bbox 667 1021 770 1065; x_wconf 88' lang='lat' dir='ltr'>sive</span> <span class='ocrx_word' id='word_1_65' title='bbox 805 1021 929 1066; x_wconf 87' lang='lat' dir='ltr'>hanc</span> <span class='ocrx_word' id='word_1_66' title='bbox 962 1019 1164 1065; x_wconf 86' lang='lat' dir='ltr'>illumve</span> <span class='ocrx_word' id='word_1_67' title='bbox 1200 1020 1408 1080; x_wconf 77' lang='lat' dir='ltr'>priorem</span> 
     </span>
     <span class='ocr_line' id='line_1_12' title="bbox 167 1100 1553 1156; baseline -0.001 -8"><span class='ocrx_word' id='word_1_68' title='bbox 167 1102 379 1156; x_wconf 86' lang='lat' dir='ltr'>Videris,</span> <span class='ocrx_word' id='word_1_69' title='bbox 414 1101 504 1147; x_wconf 91' lang='lat' dir='ltr'>hoc</span> <span class='ocrx_word' id='word_1_70' title='bbox 539 1101 667 1146; x_wconf 92' lang='lat' dir='ltr'>dices</span> <span class='ocrx_word' id='word_1_71' title='bbox 705 1100 940 1145; x_wconf 87' lang='lat' dir='ltr'>“Marcus</span> <span class='ocrx_word' id='word_1_72' title='bbox 974 1115 1118 1146; x_wconf 84' lang='lat' dir='ltr'>avere</span> <span class='ocrx_word' id='word_1_73' title='bbox 1153 1100 1330 1155; x_wconf 84' lang='lat' dir='ltr'>iubet‚&#39;&#39;</span> <span class='ocrx_word' id='word_1_74' title='bbox 1497 1117 1553 1146; x_wconf 92' lang='lat'>10</span> 
     </span>
    </p>

    <p class='ocr_par' dir='ltr' id='par_1_8' title="bbox 100 1179 1420 1320">
     <span class='ocr_line' id='line_1_13' title="bbox 100 1179 1420 1241; baseline -0.003 -12"><span class='ocrx_word' id='word_1_75' title='bbox 100 1183 166 1229; x_wconf 86' lang='lat' dir='ltr'>Et</span> <span class='ocrx_word' id='word_1_76' title='bbox 201 1181 318 1228; x_wconf 88' lang='lat' dir='ltr'>satis</span> <span class='ocrx_word' id='word_1_77' title='bbox 355 1186 456 1227; x_wconf 83' lang='lat' dir='ltr'>est:</span> <span class='ocrx_word' id='word_1_78' title='bbox 492 1180 611 1227; x_wconf 89' lang='lat' dir='ltr'>alios</span> <span class='ocrx_word' id='word_1_79' title='bbox 646 1179 950 1226; x_wconf 88' lang='lat' dir='ltr'>commendet</span> <span class='ocrx_word' id='word_1_80' title='bbox 985 1179 1219 1241; x_wconf 86' lang='lat' dir='ltr'>epistola:</span> <span class='ocrx_word' id='word_1_81' title='bbox 1256 1189 1420 1240; x_wconf 90' lang='lat' dir='ltr'>peccat</span> 
     </span>
     <span class='ocr_line' id='line_1_14' title="bbox 167 1258 1282 1320; baseline -0.003 -13"><span class='ocrx_word' id='word_1_82' title='bbox 167 1262 264 1318; x_wconf 83' lang='lat' dir='ltr'>Qui</span> <span class='ocrx_word' id='word_1_83' title='bbox 300 1260 736 1306; x_wconf 89' lang='lat' dir='ltr'>commendandum</span> <span class='ocrx_word' id='word_1_84' title='bbox 774 1275 822 1304; x_wconf 90' lang='lat' dir='ltr'>se</span> <span class='ocrx_word' id='word_1_85' title='bbox 857 1263 1001 1320; x_wconf 86' lang='lat' dir='ltr'>putat</span> <span class='ocrx_word' id='word_1_86' title='bbox 1036 1274 1136 1304; x_wconf 84' lang='lat' dir='ltr'>esse</span> <span class='ocrx_word' id='word_1_87' title='bbox 1172 1258 1282 1304; x_wconf 83' lang='lat' dir='ltr'>suis.</span> 
     </span>
    </p>
   </div>
   <div class='ocr_carea' id='block_1_4' title="bbox 765 1421 855 1467">
    <p class='ocr_par' dir='ltr' id='par_1_9' title="bbox 765 1421 855 1467">
     <span class='ocr_line' id='line_1_15' title="bbox 765 1421 855 1467; baseline 0.033 -3"><span class='ocrx_word' id='word_1_88' title='bbox 765 1421 855 1467; x_wconf 88' lang='lat' dir='ltr'>VI.</span> 
     </span>
    </p>
   </div>
   <div class='ocr_carea' id='block_1_5' title="bbox 171 1514 1553 1979">
    <p class='ocr_par' dir='ltr' id='par_1_10' title="bbox 172 1514 1419 1652">
     <span class='ocr_line' id='line_1_16' title="bbox 172 1514 1419 1578; baseline -0.002 -15"><span class='ocrx_word' id='word_1_89' title='bbox 172 1519 283 1564; x_wconf 82' lang='lat' dir='ltr'>Lux</span> <span class='ocrx_word' id='word_1_90' title='bbox 320 1517 411 1563; x_wconf 87' lang='lat' dir='ltr'>tibi</span> <span class='ocrx_word' id='word_1_91' title='bbox 446 1522 555 1578; x_wconf 86' lang='lat' dir='ltr'>post</span> <span class='ocrx_word' id='word_1_92' title='bbox 591 1516 709 1562; x_wconf 86' lang='lat' dir='ltr'>Idus</span> <span class='ocrx_word' id='word_1_93' title='bbox 743 1521 1031 1560; x_wconf 87' lang='lat' dir='ltr'>numeratur</span> <span class='ocrx_word' id='word_1_94' title='bbox 1065 1515 1212 1560; x_wconf 83' lang='lat' dir='ltr'>tertia</span> <span class='ocrx_word' id='word_1_95' title='bbox 1248 1514 1419 1572; x_wconf 87' lang='lat' dir='ltr'>Maias,</span> 
     </span>
     <span class='ocr_line' id='line_1_17' title="bbox 236 1593 1292 1652; baseline -0.005 -9"><span class='ocrx_word' id='word_1_96' title='bbox 236 1596 536 1652; x_wconf 85' lang='lat' dir='ltr'>Marcelline,</span> <span class='ocrx_word' id='word_1_97' title='bbox 573 1596 672 1641; x_wconf 88' lang='lat' dir='ltr'>tuis</span> <span class='ocrx_word' id='word_1_98' title='bbox 707 1595 781 1640; x_wconf 88' lang='lat' dir='ltr'>bis</span> <span class='ocrx_word' id='word_1_99' title='bbox 816 1593 1102 1640; x_wconf 89' lang='lat' dir='ltr'>celebranda</span> <span class='ocrx_word' id='word_1_100' title='bbox 1135 1594 1292 1639; x_wconf 86' lang='lat' dir='ltr'>sacris.</span> 
     </span>
    </p>

    <p class='ocr_par' dir='ltr' id='par_1_11' title="bbox 171 1673 1420 1815">
     <span class='ocr_line' id='line_1_18' title="bbox 171 1673 1420 1738; baseline -0.002 -17"><span class='ocrx_word' id='word_1_101' title='bbox 171 1677 395 1738; x_wconf 75' lang='lat' dir='ltr'>Imputat</span> <span class='ocrx_word' id='word_1_102' title='bbox 429 1676 670 1722; x_wconf 86' lang='lat' dir='ltr'>aetherios</span> <span class='ocrx_word' id='word_1_103' title='bbox 703 1682 839 1722; x_wconf 90' lang='lat' dir='ltr'>ortus</span> <span class='ocrx_word' id='word_1_104' title='bbox 874 1676 990 1721; x_wconf 90' lang='lat' dir='ltr'>haec</span> <span class='ocrx_word' id='word_1_105' title='bbox 1025 1674 1182 1735; x_wconf 85' lang='lat' dir='ltr'>prima</span> <span class='ocrx_word' id='word_1_106' title='bbox 1216 1673 1420 1734; x_wconf 89' lang='lat' dir='ltr'>parenti,</span> 
     </span>
     <span class='ocr_line' id='line_1_19' title="bbox 238 1755 1308 1815; baseline 0 -15"><span class='ocrx_word' id='word_1_107' title='bbox 238 1755 382 1801; x_wconf 88' lang='lat' dir='ltr'>Libat</span> <span class='ocrx_word' id='word_1_108' title='bbox 417 1756 642 1802; x_wconf 87' lang='lat' dir='ltr'>florentes</span> <span class='ocrx_word' id='word_1_109' title='bbox 676 1756 793 1802; x_wconf 90' lang='lat' dir='ltr'>haec</span> <span class='ocrx_word' id='word_1_110' title='bbox 829 1755 922 1801; x_wconf 87' lang='lat' dir='ltr'>tibi</span> <span class='ocrx_word' id='word_1_111' title='bbox 957 1755 1114 1815; x_wconf 88' lang='lat' dir='ltr'>prima</span> <span class='ocrx_word' id='word_1_112' title='bbox 1149 1769 1308 1814; x_wconf 86' lang='lat' dir='ltr'>genas.</span> 
     </span>
    </p>

    <p class='ocr_par' dir='ltr' id='par_1_12' title="bbox 172 1835 1553 1979">
     <span class='ocr_line' id='line_1_20' title="bbox 172 1835 1553 1898; baseline -0.002 -16"><span class='ocrx_word' id='word_1_113' title='bbox 172 1837 355 1898; x_wconf 84' lang='lat' dir='ltr'>Magna</span> <span class='ocrx_word' id='word_1_114' title='bbox 389 1837 503 1882; x_wconf 90' lang='lat' dir='ltr'>licet</span> <span class='ocrx_word' id='word_1_115' title='bbox 537 1836 725 1882; x_wconf 92' lang='lat' dir='ltr'>dederit</span> <span class='ocrx_word' id='word_1_116' title='bbox 759 1835 999 1881; x_wconf 87' lang='lat' dir='ltr'>iucundae</span> <span class='ocrx_word' id='word_1_117' title='bbox 1035 1851 1237 1879; x_wconf 92' lang='lat' dir='ltr'>munera</span> <span class='ocrx_word' id='word_1_118' title='bbox 1273 1835 1416 1893; x_wconf 79' lang='lat' dir='ltr'>vitae,</span> <span class='ocrx_word' id='word_1_119' title='bbox 1530 1849 1553 1896; x_wconf 87' lang='lat'><strong>5</strong></span> 
     </span>
     <span class='ocr_line' id='line_1_21' title="bbox 238 1914 1354 1979; baseline -0.003 -16"><span class='ocrx_word' id='word_1_120' title='bbox 238 1917 357 1963; x_wconf 89' lang='lat' dir='ltr'>Plus</span> <span class='ocrx_word' id='word_1_121' title='bbox 393 1933 644 1979; x_wconf 79' lang='lat' dir='ltr'>nunquam</span> <span class='ocrx_word' id='word_1_122' title='bbox 679 1916 808 1978; x_wconf 89' lang='lat' dir='ltr'>patri</span> <span class='ocrx_word' id='word_1_123' title='bbox 842 1914 1090 1978; x_wconf 87' lang='lat' dir='ltr'>praestitit</span> <span class='ocrx_word' id='word_1_124' title='bbox 1124 1914 1206 1959; x_wconf 89' lang='lat' dir='ltr'>ille</span> <span class='ocrx_word' id='word_1_125' title='bbox 1242 1914 1354 1960; x_wconf 83' lang='lat' dir='ltr'>dies.</span> 
     </span>
    </p>
   </div>
   <div class='ocr_carea' id='block_1_6' title="bbox 751 2076 871 2121">
    <p class='ocr_par' dir='ltr' id='par_1_13' title="bbox 751 2076 871 2121">
     <span class='ocr_line' id='line_1_22' title="bbox 751 2076 871 2121; baseline 0 0"><span class='ocrx_word' id='word_1_126' title='bbox 751 2076 871 2121; x_wconf 90' lang='lat' dir='ltr'><strong>VII.</strong></span> 
     </span>
    </p>
   </div>
   <div class='ocr_carea' id='block_1_7' title="bbox 77 2168 1524 2629">
    <p class='ocr_par' dir='ltr' id='par_1_14' title="bbox 77 2168 1159 2310">
     <span class='ocr_line' id='line_1_23' title="bbox 77 2168 1159 2230; baseline -0.003 -14"><span class='ocrx_word' id='word_1_127' title='bbox 77 2169 284 2216; x_wconf 85' lang='lat' dir='ltr'>Centum</span> <span class='ocrx_word' id='word_1_128' title='bbox 321 2168 497 2214; x_wconf 88' lang='lat' dir='ltr'>miselli</span> <span class='ocrx_word' id='word_1_129' title='bbox 531 2169 626 2214; x_wconf 90' lang='lat' dir='ltr'>iam</span> <span class='ocrx_word' id='word_1_130' title='bbox 662 2169 820 2214; x_wconf 86' lang='lat' dir='ltr'>valete</span> <span class='ocrx_word' id='word_1_131' title='bbox 854 2169 1159 2230; x_wconf 78' lang='lat' dir='ltr'>quadrantes,</span> 
     </span>
     <span class='ocr_line' id='line_1_24' title="bbox 79 2248 979 2310; baseline -0.002 -15"><span class='ocrx_word' id='word_1_132' title='bbox 79 2249 486 2295; x_wconf 79' lang='lat' dir='ltr'>Anteambulonis</span> <span class='ocrx_word' id='word_1_133' title='bbox 520 2248 817 2310; x_wconf 85' lang='lat' dir='ltr'>congiarium</span> <span class='ocrx_word' id='word_1_134' title='bbox 853 2249 979 2306; x_wconf 86' lang='lat' dir='ltr'>lassi,</span> 
     </span>
    </p>

    <p class='ocr_par' dir='ltr' id='par_1_15' title="bbox 79 2329 980 2386">
     <span class='ocr_line' id='line_1_25' title="bbox 79 2329 980 2386; baseline -0.001 -10"><span class='ocrx_word' id='word_1_135' title='bbox 79 2331 210 2386; x_wconf 75' lang='lat' dir='ltr'>Quos</span> <span class='ocrx_word' id='word_1_136' title='bbox 245 2329 493 2374; x_wconf 84' lang='lat' dir='ltr'>dividebat</span> <span class='ocrx_word' id='word_1_137' title='bbox 526 2329 777 2374; x_wconf 87' lang='lat' dir='ltr'>balneator</span> <span class='ocrx_word' id='word_1_138' title='bbox 811 2329 980 2375; x_wconf 86' lang='lat' dir='ltr'>elixus.</span> 
     </span>
    </p>

    <p class='ocr_par' dir='ltr' id='par_1_16' title="bbox 80 2408 1064 2470">
     <span class='ocr_line' id='line_1_26' title="bbox 80 2408 1064 2470; baseline -0.001 -14"><span class='ocrx_word' id='word_1_139' title='bbox 80 2410 208 2465; x_wconf 77' lang='lat' dir='ltr'>Quid</span> <span class='ocrx_word' id='word_1_140' title='bbox 243 2409 478 2470; x_wconf 83' lang='lat' dir='ltr'>cogitatis,</span> <span class='ocrx_word' id='word_1_141' title='bbox 517 2424 544 2454; x_wconf 96' lang='lat' dir='ltr'>o</span> <span class='ocrx_word' id='word_1_142' title='bbox 578 2408 731 2454; x_wconf 77' lang='lat' dir='ltr'>fames</span> <span class='ocrx_word' id='word_1_143' title='bbox 766 2408 1064 2455; x_wconf 69' lang='lat' dir='ltr'>amicorum?</span> 
     </span>
    </p>

    <p class='ocr_par' dir='ltr' id='par_1_17' title="bbox 80 2487 1524 2629">
     <span class='ocr_line' id='line_1_27' title="bbox 80 2487 1524 2550; baseline -0.003 -15"><span class='ocrx_word' id='word_1_144' title='bbox 80 2489 229 2550; x_wconf 87' lang='lat' dir='ltr'>Regis</span> <span class='ocrx_word' id='word_1_145' title='bbox 264 2488 459 2550; x_wconf 87' lang='lat' dir='ltr'>superbi</span> <span class='ocrx_word' id='word_1_146' title='bbox 494 2487 739 2549; x_wconf 91' lang='lat' dir='ltr'>sportulae</span> <span class='ocrx_word' id='word_1_147' title='bbox 775 2493 1086 2533; x_wconf 89' lang='lat' dir='ltr'>recesserunt.</span> <span class='ocrx_word' id='word_1_148' title='bbox 1499 2501 1524 2548; x_wconf 86' lang='lat'>5</span> 
     </span>
     <span class='ocr_line' id='line_1_28' title="bbox 81 2564 1468 2629; baseline -0.004 -13"><span class='ocrx_word' id='word_1_149' title='bbox 81 2568 222 2616; x_wconf 88' lang='lat' dir='ltr'>Nihil</span> <span class='ocrx_word' id='word_1_150' title='bbox 258 2567 565 2629; x_wconf 87' lang='lat' dir='ltr'>stropharum</span> <span class='ocrx_word' id='word_1_151' title='bbox 601 2572 700 2613; x_wconf 86' lang='lat' dir='ltr'>est:</span> <span class='ocrx_word' id='word_1_152' title='bbox 740 2566 833 2610; x_wconf 90' lang='lat' dir='ltr'>iam</span> <span class='ocrx_word' id='word_1_153' title='bbox 871 2566 1096 2611; x_wconf 79' lang='lat' dir='ltr'>salarium</span> <span class='ocrx_word' id='word_1_154' title='bbox 1133 2564 1345 2611; x_wconf 87' lang='lat' dir='ltr'>dandum</span> <span class='ocrx_word' id='word_1_155' title='bbox 1383 2570 1468 2611; x_wconf 88' lang='lat' dir='ltr'>est.</span> 
     </span>
    </p>
   </div>
  </div>
 </body>
</html>
