1732 2959
80 101 139 146 10
609 95 1008 143 MARTIALIS

79 208 159 253 Bis
192 207 290 253 iam
325 220 475 267 paene
510 204 601 251 tibi
635 202 801 249 consul
836 201 1112 247 tricesimus
1147 200 1315 258 instat,

142 287 209 333 Et
242 290 468 332 numera-t
503 299 678 346 paucos
714 283 799 328 vix
833 288 922 328 tua
956 282 1060 327 vita
1095 281 1208 327 dies.

77 367 194 414 Non
226 368 347 414 bene
382 364 628 411 distuleris
663 363 830 408 videas
864 362 994 423 quod
1030 376 1167 423 posse
1202 358 1384 421 negari,
1529 371 1552 418 5
1656 389 1667 409 2

142 448 209 494 Et
243 447 399 493 solum
433 445 522 491 hoc
556 443 714 503 ducas,
758 442 888 504 quod
923 441 1028 498 fuit,
1068 457 1169 487 esse
1204 446 1357 486 tuum.

78 528 354 589 Expectant
388 540 625 585 curaeque
659 523 970 583 catenatique
1003 522 1203 579 labores,

143 607 335 655 Gaudia
373 622 470 652 non
506 609 771 662 remanent,
809 603 892 649 sed
928 603 1140 664 fugitiva
1174 602 1359 648 volant.

81 689 217 735 Haec
250 692 457 748 utraque
490 701 640 730 manu
675 683 1025 746 complexuque
1061 699 1217 729 assere
1254 688 1385 728 toto:

147 767 296 828 Saepe
330 765 485 811 fiuent
518 764 615 809 imo
650 764 718 809 sic
751 778 942 824 quoque
978 761 1111 822 lapsa
1146 761 1269 806 sinu.
1504 775 1560 805 10

81 848 197 894 Non
231 851 316 904 est,
355 844 493 891 crede
527 843 662 901 mihi,
700 841 934 904 sapientis
968 841 1124 887 dicere
1162 840 1388 885 “Vivam
1412 838 1462 886 :”

149 928 264 974 Sera
299 925 445 971 nimis
479 924 583 970 vita
617 928 692 969 est
725 922 965 970 crastina:
1002 921 1114 968 vive
1150 920 1303 968 hodie.

717 1085 921 1132 XVIII,

87 1196 217 1252 Quid
251 1201 314 1253 te,
352 1194 522 1252 Tucca,
560 1194 700 1239 iuvat
734 1192 900 1238 vetulo
935 1190 1133 1237 miscere
1170 1189 1378 1235 Falerno

152 1277 215 1322 In
249 1275 506 1322 Vaticanis
540 1274 735 1320 condita
769 1282 931 1318 musta
966 1271 1128 1317 cadis?

90 1356 220 1412 Quid
254 1360 448 1402 tantum
483 1355 636 1400 fecere
671 1353 785 1399 boni
819 1352 912 1398 tibi
947 1336 1154 1413 pessima
1193 1349 1344 1394 vina?

152 1437 261 1482 Aut
295 1435 413 1497 quid
447 1435 666 1481 fecerunt
700 1433 884 1494 optima
919 1432 1034 1476 vina
1067 1429 1186 1475 mali
1199 1430 1215 1475 ’Ζ

91 1517 165 1562 De
200 1515 338 1561 nobis
373 1515 511 1560 facile
547 1518 633 1572 est,
671 1512 825 1559 scelus
861 1516 935 1557 est
968 1510 1190 1571 iugulare
1226 1507 1489 1553 Falernum
1539 1520 1563 1566 5

155 1594 222 1640 Et
256 1594 370 1640 dare
406 1593 652 1654 Campano
687 1591 849 1637 toxica
885 1605 1029 1635 saeva
1065 1588 1193 1634 cado.

92 1675 338 1721 Convivae
372 1688 587 1719 meruere
622 1671 698 1718 tui
730 1672 935 1717 fortasse
969 1668 1148 1731 perire:

156 1754 408 1815 Amphora
443 1768 541 1798 non
575 1751 755 1797 meruit
788 1755 891 1796 tam
926 1748 1137 1810 pretiosa
1171 1745 1305 1792 mori.

754 1911 905 1959 XXI.

94 2027 217 2074 Cum
252 2031 438 2088 peteret
474 2039 633 2085 regem
670 2022 869 2083 decepta
904 2018 1113 2065 satellite
1148 2017 1335 2074 dextra,

142 2105 368 2168 Ingessit
403 2104 549 2150 sacris
584 2119 632 2148 se
667 2101 886 2164 peritura
920 2098 1048 2145 focis.

96 2188 187 2234 Sed
221 2194 325 2233 tam
359 2201 501 2231 saeva
535 2184 644 2246 pius
679 2181 912 2228 miracula
945 2195 1045 2224 non
1080 2177 1197 2223 tulit
1230 2175 1384 2221 hostis

161 2267 228 2312 Et
260 2270 457 2327 raptum
491 2262 699 2308 flammis
734 2260 874 2306 iussit
908 2258 1043 2304 abire
1078 2256 1251 2301 vii-um.

99 2346 255 2393 Urere
290 2360 435 2406 quam
471 2342 634 2404 potuit
667 2343 945 2399 contempto
981 2336 1176 2382 Mucius
1211 2334 1326 2395 igni,
1544 2348 1567 2394 5

163 2425 308 2470 Hanc
344 2429 559 2485 spectare
593 2435 791 2465 manum
828 2417 1041 2463 Porsena
1077 2430 1175 2461 non
1209 2412 1383 2474 potuit.

99 2506 259 2551 Maior
293 2505 517 2565 deceptae
551 2502 679 2546 fama
713 2504 785 2546 est
819 2504 868 2544 et
902 2497 1055 2559 gloria
1090 2495 1317 2541 dextrae:

166 2584 217 2630 Si
250 2599 348 2630 non
383 2585 601 2638 errasset,
637 2580 817 2625 fecerat
851 2577 935 2622 illa
971 2576 1143 2620 minus.
