1732 2959
457 445 560 504 ‚M.
610 442 769 493 VAL.
823 435 1228 491 MARTIALIS

439 588 1265 655 EPIGRAMMATON

642 745 856 791 LIBER
892 745 994 789 ΙΙΙ.

846 904 882 949 Ι.

112 1017 230 1063 Hoc
264 1015 356 1062 tibi
391 1014 626 1076 quidquid
660 1013 712 1059 id
747 1018 820 1058 est
854 1010 1132 1072 longinquis
1169 1008 1324 1054 mittit
1359 1008 1418 1053 ob
1455 1007 1550 1053 oris

93 1129 96 1131 -
180 1095 338 1142 Gallia
374 1095 624 1140 Romanae
659 1091 855 1138 nomine
891 1091 1020 1136 dicta
1055 1094 1205 1149 togae.

117 1176 267 1222 Hune
301 1175 419 1235 legis
454 1179 503 1219 et
538 1173 705 1219 laudas
740 1172 919 1217 librum
954 1171 1157 1215 fortasse
1191 1168 1427 1228 priorem:

180 1255 276 1301 Illa
309 1254 386 1299 vel
422 1253 537 1298 haec
573 1269 679 1298 mea
715 1257 840 1308 sunt,
880 1266 1004 1311 quae
1040 1248 1239 1293 meliora
1275 1252 1427 1308 pub-as.

116 1334 235 1380 Plus
269 1349 380 1379 sane
417 1332 601 1393 placeat
636 1331 831 1377 domina
865 1329 951 1391 qui
986 1333 1131 1374 natus
1166 1327 1218 1372 in
1254 1327 1373 1372 urbe
1409 1332 1512 1371 est:

184 1413 343 1458 Debet
376 1414 506 1458 enim
543 1412 737 1458 Gallum
775 1411 965 1455 vincere
1001 1424 1150 1454 verna
1185 1407 1317 1452 liber.

828 1570 897 1615 II.

320 1679 470 1725 Cuius
505 1678 578 1723 vis
614 1677 732 1734 fieri,
770 1676 943 1732 libelle,
982 1675 1193 1719 munusCt

320 1758 516 1803 Festina
549 1757 643 1802 tibi
680 1755 920 1801 vindicem
957 1770 1139 1815 parare,

312 1837 391 1883 Ne
425 1837 614 1897 nigram
649 1836 744 1881 cito
780 1840 947 1895 raptus
983 1835 1035 1878 in
1071 1833 1282 1879 culinam

320 1919 553 1979 Cordylas
587 1917 779 1963 madida
814 1923 947 1977 tegas
982 1930 1164 1976 papyro

324 1997 423 2043 Vel
457 1997 581 2042 buris
617 1996 857 2058 piperisve
892 1995 956 2040 sis
993 1992 1221 2039 cucullus.

320 2077 544 2122 Faustini
579 2076 704 2136 fugis
739 2075 791 2119 in
826 2075 1018 2119 sinum?
1067 2072 1247 2133 sapisti.

329 2156 483 2202 Cedro
516 2172 647 2201 nuno
681 2156 793 2200 licet
828 2153 1045 2199 ambules
1084 2156 1347 2213 perunctus

322 2235 389 2280 Et
423 2235 599 2280 frontis
633 2235 824 2296 gemino
858 2234 1028 2279 decens
1064 2233 1241 2279 honore

327 2313 481 2359 Pictis
516 2314 778 2359 luxurieris
814 2313 1070 2370 umbilicis,

326 2392 393 2438 Et
428 2401 476 2438 te
510 2409 726 2454 purpura
761 2392 964 2438 delicata
999 2391 1128 2436 velet

325 2472 392 2518 E'u
427 2489 562 2518 00000
595 2473 768 2517 rubeat
802 2471 1038 2532 superbus
1073 2470 1236 2515 index.

327 2551 421 2597 Illo
456 2552 646 2597 vindice
680 2567 767 2597 nec
804 2551 1018 2596 Probum
1053 2549 1238 2594 timeto.

1577 1338 1599 1385 5

1558 2405 1614 2434 10
