1732 2959
128 152 189 198 68

673 147 1065 195 MARTIALIS

263 259 438 315 Quales
472 258 551 304 vel
586 273 790 318 puerum
825 257 990 302 decere
1024 255 1223 317 possint.
1585 270 1609 317 5

260 338 465 384 Nudum
500 343 572 383 est
604 337 658 382 in
694 337 851 382 medio
885 342 1042 397 caput,
1080 352 1168 381 nec
1202 335 1332 382 ullus

261 421 325 466 In
359 420 502 481 longa
537 419 664 480 pilus
698 434 810 464 area
843 422 1053 463 notatur.

263 500 361 545 Hic
397 515 529 544 error
563 498 655 547 tibi
689 497 874 559 profuit
910 496 1181 554 Decembri,

260 579 397 638 Tum,
435 594 542 625 cum
579 578 783 640 prandia
816 578 950 622 misit
986 577 1287 638 Imperator:

261 659 380 705 Cum
418 657 678 719 panariolis
712 656 870 702 tribus
905 655 1086 701 redisti.
1557 671 1612 701 10

260 739 425 785 Talem
464 737 738 799 Geryonem
773 736 924 782 fuisse
959 736 1112 781 credo.

261 818 417 875 Vites,
456 833 639 875 censeo,
675 816 915 877 porticum
951 814 1200 876 Philippi:

261 900 313 946 Si
347 904 397 945 te
431 899 613 945 viderit
648 898 903 955 Hercules,
938 896 1119 958 peristi.

826 1104 910 1149 LI.

262 1227 375 1285 Hic,
403 1226 489 1289 qui
521 1226 698 1272 libellis
722 1242 1033 1287 praegravem
1069 1225 1194 1287 gerit
1228 1226 1429 1282 laevam,

260 1307 580 1354 Notariorum
605 1321 750 1367 quem
782 1305 962 1367 premit
996 1305 1170 1352 chorus
1205 1304 1339 1361 levis,

261 1389 360 1446 Qui
393 1388 623 1435 codicillis
656 1387 770 1434 hinc
804 1393 853 1434 et
887 1388 1000 1434 inde
1034 1388 1235 1450 prolatis

260 1469 589 1531 Epistolisque
624 1468 895 1514 commodat
927 1484 1124 1529 gravem
1158 1468 1348 1513 voltum

262 1548 445 1596 Similis
482 1547 657 1594 Catoni
690 1546 945 1608 Tullioque
982 1546 1247 1608 Brutoque,
1589 1562 1611 1607 5

260 1628 560 1690 Exprimere,
598 1626 746 1684 Rufe,
782 1627 1005 1673 fidiculae
1040 1627 1153 1673 licet
1187 1632 1372 1687 cogant,

260 1709 374 1755 Ave
409 1707 654 1767 Latinum,
693 1708 825 1769 χαῖρε
858 1723 958 1753 non
992 1712 1152 1768 potest
1188 1706 1439 1752 Graecum.

261 1787 315 1834 Si
348 1788 528 1848 fingere
561 1786 695 1832 istud
730 1802 806 1832 me
841 1783 1015 1847 putas,'
1036 1785 1315 1831 salutemus.

790 1971 959 2021 LXII.

195 2051 310 2097 Iure
346 2055 432 2096 tuo
466 2052 645 2097 nostris
679 2067 872 2097 maneas
906 2051 1033 2110 licet,
1072 2051 1254 2112 hospes,
1292 2049 1346 2095 in
1379 2048 1533 2094 hortis

263 2128 315 2174 Si
349 2134 485 2191 potes
519 2129 572 2174 in
606 2131 737 2176 nudo
771 2146 949 2192 ponere
984 2131 1202 2176 membra
1236 2129 1348 2184 solo,

198 2209 308 2254 Aut
341 2208 383 2254 si
416 2215 640 2271 portatur
673 2216 832 2256 tecum
868 2211 962 2256 tibi
996 2225 1170 2272 magna
1204 2208 1449 2270 supellex:

262 2289 393 2336 Nam
427 2306 535 2336 mea
568 2291 666 2336 iam
701 2291 909 2352 digitum
945 2291 1143 2337 sustulit
1176 2288 1458 2350 hospitibus.

197 2370 351 2417 Nulla
385 2373 508 2433 tegit
543 2373 718 2418 fractos
753 2388 842 2418 nec
881 2373 1043 2418 inanis
1076 2371 1253 2417 culcita
1287 2369 1447 2427 lectes,
1589 2382 1611 2425 5

262 2451 428 2498 Putris
463 2458 513 2498 et
545 2454 753 2514 abrupta
787 2454 933 2498 fascia
967 2457 1091 2499 reste
1125 2453 1261 2497 iacet.

199 2530 274 2576 Sit
309 2536 471 2577 tamen
506 2531 772 2592 hospitium
806 2532 944 2578 nobis
979 2545 1230 2577 commune
1266 2529 1483 2575 duobus:

264 2609 376 2655 Emi
410 2611 606 2670 hortos,
644 2611 752 2672 plus
787 2615 892 2657 est:
932 2611 1118 2656 instrue
1152 2614 1208 2655 tu
1223 2626 1238 2668 3
1278 2608 1440 2654 minus
1474 2613 1557 2652 est.
