1732 2959
698 132 828 178 LIB.
880 130 966 177 IV.
1514 129 1571 175 51

715 334 978 381 XXVIII.

314 460 515 506 Donasti
548 465 727 516 tenero,
767 458 928 514 Chloe,
969 457 1187 517 Luperco

309 540 553 600 Hispanas
589 539 853 598 Tyriasque
888 537 1208 596 coccinasqne,

308 617 375 662 Et
407 616 556 662 lotam
591 616 755 676 tepido
789 621 949 676 togam
986 614 1203 668 Galaeso,

315 696 454 740 [ndos
489 694 821 755 sardonychaS,
862 694 1064 755 Scythas
1098 693 1387 753 zmaragdos,

307 777 375 822 Et
409 781 605 822 centum
641 774 859 820 dominos
892 789 1046 818 novae
1080 778 1317 828 monetae,
1559 787 1581 833 5

307 856 374 902 Et
407 854 643 917 quidquid
678 855 801 914 petit
835 869 985 914 usque
1020 857 1069 898 el:
1103 867 1256 913 usque
1291 851 1450 896 donas.

240 946 243 947 ’
307 935 415 981 Vae
448 933 701 996 glabraria,
739 948 828 978 vae
862 932 954 977 tibi
988 931 1203 977 misella:

306 1016 505 1061 Nudam
541 1020 589 1060 te
623 1017 805 1059 statuet
840 1018 956 1058 tuus
992 1011 1252 1072 Lupercus,

762 1281 936 1327 XXX.

244 1416 428 1462 Baiano
462 1416 629 1477 procul
664 1432 692 1460 a
726 1415 834 1460 lacu
868 1413 1049 1471 recede,

248 1496 500 1553 Piscator5
550 1496 672 1555 fuge,
710 1510 772 1539 ne
808 1507 983 1538 nocens
1017 1490 1220 1536 recedas.

246 1576 403 1623 Sacris
436 1575 645 1636 piscibus
679 1574 770 1619 hae
804 1577 1039 1617 natantur
1072 1571 1242 1630 undae,

248 1655 345 1711 Qui
378 1659 559 1700 norunt
593 1653 840 1697 dominum
878 1666 1168 1711 manumque
1203 1651 1426 1696 lambunt,

246 1737 405 1793 Illam,
443 1751 538 1797 qua
572 1733 697 1778 nihil
732 1738 805 1779 est
838 1732 890 1777 in
926 1732 1038 1777 orbe
1073 1731 1239 1778 maius.
1563 1748 1585 1792 5

248 1817 390 1876 Quid,
428 1815 556 1877 quod
591 1829 768 1860 nomen
802 1813 984 1858 habent
1018 1816 1068 1857 et
1101 1811 1162 1856 ad
1195 1811 1414 1873 magistri

246 1896 431 1942 Vocem
466 1894 669 1957 quisque
704 1893 780 1939 sui
815 1893 950 1937 Venit}
985 1892 1192 1937 cibatus?

243 1977 353 2023 Hoc
388 1975 630 2037 quondam
667 1973 816 2033 Libys
850 1972 1029 2033 impius
1063 1971 1315 2032 profundo,

249 2057 381 2102 Dum
414 2055 641 2118 praedam
675 2054 856 2102 calamo
889 2057 1129 2098 tremente
1164 2051 1309 2107 ducit,

249 2137 424 2198 Raptis
458 2134 726 2181 luminibus
760 2139 957 2194 repente
992 2149 1160 2178 caecus
1535 2147 1591 2175 10

249 2217 457 2276 Captum
491 2230 590 2260 non
625 2215 786 2275 potuit:
820 2213 984 2259 videre
1018 2213 1209 2273 piscem,

248 2296 315 2341 Et
349 2311 478 2340 nunc
513 2294 763 2352 sacrilegos
797 2309 994 2353 perosus
1028 2292 1195 2337 hamos

249 2373 457 2418 Baianos
491 2371 625 2418 sedet
659 2371 720 2417 ad
753 2371 886 2417 lacus
920 2377 1125 2432 rogator.

249 2452 325 2496 At
357 2455 428 2509 tu,
465 2451 581 2496 dum
615 2458 766 2512 potes,
805 2453 1035 2496 innocens
1069 2449 1236 2495 recede

250 2533 400 2579 Iactis
434 2533 730 2593 simplicibus
765 2530 884 2576 cibis
917 2529 970 2574 in
1004 2529 1171 2585 undas,
1534 2540 1589 2586 15

253 2613 318 2657 Et
352 2611 504 2673 pisces
538 2625 767 2657 venerare
802 2609 1042 2654 delicatos,
