1732 2959
97 158 188 204 148
644 148 1031 198 MARTIALIS

163 265 391 323 Mentiar,
429 270 486 309 ut
519 261 714 309 venias:
762 260 926 321 pisces,
965 256 1227 317 conchylia,
1266 270 1435 301 sumen

230 343 297 389 Et
332 342 512 389 chortis
546 346 733 387 saturas
768 343 914 399 atque
948 336 1140 398 paludis
1174 350 1299 391 aves,

165 424 299 479 Quae
333 438 420 468 nec
457 420 608 468 Stella
642 419 764 465 solet
798 434 907 464 rara
940 416 1036 462 nisi
1070 430 1247 477 ponere
1281 430 1410 460 cena.
1523 425 1576 472 15

226 503 344 549 Plus
380 519 465 564 ego
499 500 755 563 polliceor:
802 498 873 544 nil
909 496 1120 543 recitabo
1154 495 1260 540 tibi.

159 583 270 646 Ipse
306 588 416 628 tuos
450 580 589 626 nobis
623 578 806 640 relegas
841 577 954 622 licet
988 591 1141 636 usque
1178 573 1427 634 Gigantas,

231 662 368 708 Rura
403 660 480 707 vel
515 666 711 706 aeterno
745 658 965 719 proxima
999 654 1232 716 Vergilio.

739 817 934 864 LXIX.

97 927 547 992 Amphitheatrales
582 926 712 972 inter
745 925 936 970 nutrita
970 922 1223 984 magistros

162 1009 419 1066 Venatrix,
458 1006 593 1053 silvis
629 1021 809 1067 aspera,
847 1002 1024 1049 blanda
1059 1001 1202 1060 domi,

101 1090 257 1153 Lydia
292 1089 497 1144 dicebar,
535 1087 728 1132 domino
764 1084 997 1130 fidissima
1032 1082 1234 1138 Dextro,

169 1169 266 1226 Qui
300 1184 398 1214 non
432 1167 666 1228 Erigones
701 1163 868 1210 mallet
901 1162 1077 1208 habere
1112 1176 1293 1218 canem,

100 1249 202 1294 Neo
237 1246 321 1309 qui
357 1245 561 1292 Dictaea
598 1243 864 1305 Cephalum
900 1242 958 1288 de
993 1246 1137 1303 gente
1176 1245 1365 1286 secutus
1558 1254 1580 1299 5

165 1327 414 1373 Luciferae
449 1324 633 1386 pariter
666 1324 802 1368 venit
836 1321 898 1368 ad
933 1327 1063 1367 astra
1098 1321 1225 1366 deae.

101 1407 216 1453 Non
250 1422 327 1451 me
362 1405 505 1465 longa
539 1404 640 1449 dies
675 1418 762 1448 neo
796 1401 987 1447 inutilis
1022 1399 1227 1447 abstulit
1260 1404 1405 1458 aetas,

167 1486 340 1544 Qualia
375 1484 604 1532 Dulichio
639 1484 739 1529 fata
773 1483 908 1528 fuere
943 1481 1063 1527 cani.

103 1564 356 1611 Fulmineo
391 1562 662 1625 spumantis
696 1561 802 1624 apri
837 1576 943 1606 sum
979 1557 1128 1605 dentev
1156 1563 1415 1620 perempta,

169 1646 393 1702 Quantus
428 1649 543 1704 erat,
585 1643 813 1704 Calydon,
851 1645 950 1699 aut,
990 1638 1304 1700 Erymanthe,
1342 1647 1468 1687 tuus.
1527 1654 1584 1683 10

102 1728 151 1773 N
155 1743 205 1773 eo
240 1741 414 1788 queror
447 1725 658 1771 infernas
693 1722 915 1784 quamvis
949 1721 1045 1767 cito
1080 1724 1219 1781 rapta
1254 1719 1343 1764 sub
1368 1718 1583 1764 umbras:

167 1806 283 1852 Non
318 1804 457 1867 potui
491 1803 595 1849 fato
628 1801 864 1848 nobiliore
898 1801 1032 1846 mori.

736 1964 954 2011 LXXX.

237 2074 378 2119 Litus
411 2072 581 2118 beatae
617 2070 825 2116 Veneris
860 2083 1061 2114 aureum
1098 2066 1253 2122 Baias,

237 2151 382 2197 Baias
418 2150 650 2211 superbae
685 2148 863 2194 blanda
897 2147 1023 2193 dona
1057 2152 1272 2201 naturae,

236 2231 312 2278 Ut
346 2230 479 2275 mille
514 2229 718 2286 laudem,
757 2228 938 2284 Flacoe,
977 2226 1194 2272 versibus
1230 2224 1386 2281 Baias,

239 2311 470 2357 Laudabo
505 2310 648 2370 digne
684 2324 781 2354 non
816 2307 932 2352 satis
966 2312 1127 2352 tamen
1165 2305 1317 2350 Baias.

240 2390 333 2436 Sed
367 2388 644 2435 Martialem
682 2388 820 2444 malo,
861 2387 1044 2440 Flaoce,
1079 2401 1226 2447 quam
1262 2384 1417 2430 Baias.
1557 2400 1581 2446 5

240 2470 420 2531 Optare
456 2475 715 2529 utrumque
749 2467 945 2529 pariter,
983 2465 1192 2527 improbi
1225 2470 1397 2509 votum
1435 2469 1518 2509 est.

237 2549 380 2605 Quod
416 2549 456 2595 si
490 2549 688 2595 deorum
724 2561 922 2592 munere
957 2545 1045 2591 hoc
1080 2544 1173 2590 tibi
1208 2543 1363 2601 detur,

240 2629 369 2685 Quid
404 2629 691 2691 gaudiorum
726 2632 799 2673 est
835 2625 1080 2672 Martialis
1116 2631 1164 2670 et
1200 2623 1380 2669 Baiae!
