1732 2959
118 123 179 172 72
659 121 1053 170 MARTIALIS

175 231 306 276 Talis
341 230 637 292 supplicibus
672 230 848 275 tribuit
883 229 1155 275 diademata
1190 229 1336 276 Dacis

243 311 309 356 Et
344 310 644 372 Capitolinas
679 310 814 370 itque
849 310 1069 372 reditque
1102 309 1220 358 vias,

176 391 268 439 Dic
301 407 480 452 precor,
518 406 546 435 o
579 390 735 435 nostri
770 389 846 435 dic
882 391 1070 436 conscia
1103 391 1241 452 virgo
1275 390 1524 449 Tonantis,

241 472 293 517 Si
327 477 473 532 negat
508 471 596 516 hoc
631 470 783 527 voltU,
822 486 917 531 quo
953 471 1075 515 solet
1110 486 1221 531 ergo
1255 470 1409 516 dare2
1535 486 1593 517 10

173 548 250 596 Sic
285 564 400 610 ego:
447 548 513 593 sic
547 547 761 593 breviter
795 547 952 608 posita
985 546 1107 592 mihi
1143 546 1366 608 Gorgone
1401 545 1591 592 Pallas:

242 628 415 684 “Quae
446 628 661 673 nondum
695 628 809 673 data
841 633 967 685 sunt,
994 627 1157 686 stulte,
1185 632 1359 688 negata
1389 627 1592 688 putas‘l''

768 865 920 911 XIII.

168 1009 288 1065 Quis
323 1014 372 1054 te
408 1007 641 1054 Phidiaco
677 1007 946 1063 formatam,
985 1007 1127 1065 Iulia,
1166 1006 1308 1065 caelo,

233 1089 330 1135 Vel
366 1088 475 1151 quis
511 1088 759 1134 Palladiae
794 1104 892 1134 non
927 1093 1069 1149 putet
1103 1088 1222 1133 artis
1258 1089 1409 1149 opus(Z

169 1171 385 1217 Candida
418 1186 518 1215 non
553 1169 702 1216 tacita
736 1169 993 1230 respondet
1026 1169 1236 1229 imagine
1270 1168 1438 1230 lygdos

233 1251 301 1296 Et
335 1250 522 1311 placido
555 1249 711 1310 fulget
744 1249 885 1294 vivus
919 1250 973 1294 in
1006 1264 1088 1294 ore
1122 1249 1293 1309 liquor.

166 1330 317 1377 Ludit
351 1330 590 1389 Acidalio,
629 1331 712 1376 sed
746 1347 846 1376 non
881 1346 1052 1376 manus
1087 1346 1269 1391 aspera,
1307 1330 1448 1380 nodo,
1558 1344 1582 1390 5

233 1411 389 1467 Quem
423 1411 588 1472 rapuit
623 1412 755 1469 collo,
793 1427 941 1472 parve
978 1411 1179 1472 Cupido,
1217 1416 1315 1457 tuo.

165 1493 241 1540 Ut
276 1492 454 1538 Martis
489 1498 743 1538 revocetur
777 1509 912 1538 amor
945 1492 1217 1553 summique
1253 1491 1498 1549 Tonantis,

228 1573 280 1618 A
313 1578 364 1619 te
397 1572 526 1618 Iuno
561 1577 695 1634 petat
731 1578 895 1618 ceston
929 1577 979 1617 et
1012 1571 1117 1632 ipsa
1151 1571 1332 1617 Venus.

762 1817 913 1864 XIX.

292 1957 406 2002 Non
444 1955 503 2002 de
537 1957 588 2002 vi
624 1971 780 2017 neque
815 1956 972 2013 caede,
1008 1970 1096 2000 nec
1129 1971 1329 2012 veneno,

293 2037 387 2083 Sed
421 2036 481 2082 lis
517 2041 591 2082 est
624 2036 748 2081 mihi
782 2036 840 2082 de
876 2036 1032 2081 tribus
1068 2036 1274 2097 capellis.

290 2117 460 2163 Vicini
494 2133 667 2178 queror
701 2117 788 2162 has
825 2118 986 2162 abesse
1021 2117 1163 2165 furto.

291 2198 402 2244 Hoc
437 2198 585 2243 iudex
619 2198 711 2243 sibi
746 2198 961 2258 postulat
994 2199 1217 2259 probari:

290 2277 364 2323 Tu
400 2277 590 2323 Cannas
626 2277 1114 2338 Mithridaticumque
1148 2277 1327 2322 bellum
1552 2291 1576 2337 5

291 2358 359 2404 Et
393 2358 606 2420 periuria
641 2358 819 2403 Punici
852 2358 1029 2404 furoris

291 2438 359 2484 Et
394 2437 553 2483 Sullas
586 2437 864 2499 Mariosque
896 2438 1182 2499 Muciosque

290 2518 474 2579 Magna
506 2534 622 2564 voce
657 2534 798 2564 sonas
833 2535 1075 2579 manuque
1111 2523 1225 2564 tota.

289 2597 396 2643 Iam
433 2597 524 2654 dic,
562 2597 805 2654 Postume,
845 2598 902 2642 de
936 2598 1094 2642 tribus
1129 2596 1335 2657 capellis.
