1732 2959
110 139 171 186 42
653 129 1042 178 MARTIALIS

752 305 919 350 LVII.

105 416 321 464 Callidus
355 413 588 476 imposuit
624 428 778 473 nuper
812 411 933 456 mihi
969 426 1085 472 copo
1121 410 1416 455 Ravennae:

172 496 293 542 Cum
330 501 542 557 peterem
581 493 804 548 mixtum,
843 491 1066 537 vendidit
1100 490 1182 536 ille
1217 505 1415 535 merum.

752 659 947 705 LVIII.

240 772 422 817 Baiana
457 770 610 816 nostri
647 768 776 826 villa,
816 767 977 826 Basse,
1018 766 1242 812 Faustini

239 851 353 896 Non
391 850 556 895 otiosis
591 849 815 894 ordinata
848 847 1075 909 myrtetis

239 931 499 991 Viduaque
534 930 730 991 platano
765 928 1029 989 tonsilique
1063 928 1247 973 buxeto

239 1011 442 1071 Ingrata
478 1009 565 1054 lati
601 1010 758 1070 spatia
794 1008 982 1054 detinet
1017 1008 1188 1069 campi,

238 1090 331 1136 Sed
367 1105 478 1134 rure
515 1105 631 1134 vero
662 1089 960 1149 barbaroque
995 1087 1219 1133 laetatur.

239 1169 338 1215 Hic
374 1168 501 1214 farta
536 1168 775 1229 premitur
810 1166 987 1228 angulo
1024 1165 1168 1212 Ceres
1205 1164 1337 1209 omni

238 1250 305 1295 Et
339 1250 495 1295 multa
529 1248 714 1309 fragrat
748 1253 874 1293 testa
909 1246 1104 1292 senibus
1138 1243 1426 1290 auctumnis.

238 1330 337 1376 Hic
371 1336 480 1390 post
514 1328 817 1374 Novembres
852 1326 1137 1372 imminente
1173 1325 1270 1370 iam
1305 1324 1478 1369 bruma

239 1410 377 1455 Seras
414 1414 615 1470 putator
650 1407 876 1452 horridus
912 1405 1062 1452 refert
1105 1420 1256 1451 uvas:

237 1491 412 1535 Truces
448 1490 501 1534 in
535 1489 636 1534 alta
674 1488 796 1533 valle
831 1487 1060 1548 mugiunt
1094 1484 1226 1531 tauri

238 1572 539 1633 Vitulusque
574 1570 750 1616 inermi
785 1569 944 1614 fronte
980 1568 1142 1628 prurit
1176 1566 1229 1611 in
1263 1579 1489 1627 pugnam.

238 1652 463 1713 Vagatur
499 1651 655 1696 omnis
691 1649 836 1696 turba
872 1647 1091 1694 sordidae
1126 1646 1318 1702 chortis,

237 1731 461 1792 Argutus
496 1746 636 1775 anser
666 1727 969 1790 gemmeique
1004 1741 1215 1788 pavones

240 1810 528 1871 Nomenque
564 1810 708 1855 debet
744 1825 867 1870 quae
902 1805 1190 1853 rubentibus
1226 1804 1388 1866 pinnis

240 1889 305 1934 Et
339 1889 469 1950 picta
502 1888 673 1949 perdix
711 1886 1097 1947 Numidicaeque
1132 1888 1353 1945 guttatae

242 1970 303 2014 Et
339 1969 597 2030 impiorum
634 1967 868 2029 phasiana
904 1965 1223 2022 Colchorum3

240 2050 455 2095 Rhodias
491 2050 684 2110 superbi
720 2048 925 2093 feminas
960 2051 1191 2108 premunt
1227 2043 1343 2105 galli

239 2132 519 2191 Sonantque
555 2136 714 2175 turres
749 2128 1000 2190 plausibus
1037 2125 1369 2172 columbarum
1387 2141 1398 2181 3

238 2210 402 2256 Gemit
437 2211 550 2255 hinc
585 2209 857 2271 palumbuS‚
895 2206 1007 2252 inde
1042 2220 1209 2252 cereus
1245 2210 1424 2261 turtur,

242 2288 391 2334 Avidi
428 2294 657 2333 secuntur
693 2287 862 2332 vilicae
898 2286 1058 2331 sinum
1096 2282 1229 2344 porci

239 2367 545 2429 Matremque
582 2367 773 2428 plenam
810 2365 966 2411 mollis
1002 2378 1154 2425 agnus
1189 2368 1426 2424 expectat.

239 2449 455 2510 Cingunt
491 2463 709 2493 serenum
748 2445 890 2490 lactei
925 2443 1085 2489 focum
1122 2457 1298 2486 vernae

240 2528 304 2573 Et
338 2527 472 2587 larga
506 2524 654 2570 festos
689 2525 818 2569 lucet
853 2523 912 2568 ad
949 2522 1073 2567 lares
1115 2521 1250 2566 silva.

239 2607 352 2653 Non
388 2606 546 2667 segnis
581 2605 690 2651 albo
725 2604 874 2665 pallet
909 2602 1008 2648 otio
1052 2616 1182 2662 copo,

1529 1499 1586 1528 10

1530 1896 1583 1942 15
