1732 2959
117 127 211 174 114
660 126 1051 175 MARTIALIS

118 236 321 282 Securos
355 237 494 298 pueri
529 237 749 297 neglecta
781 238 1086 298 perambulat
1120 243 1268 295 artus,

182 316 250 362 Et
285 322 426 363 nocet
460 317 637 363 artifici
673 323 849 364 ventus
885 324 934 364 et
968 318 1100 364 unda
1133 319 1267 364 nihil.

117 397 193 443 Ut
227 413 423 459 peccare
457 397 595 451 velis,
632 414 741 443 cum
777 398 947 444 feceris
982 399 1157 457 omnia,
1193 399 1297 444 falli

184 475 299 521 Non
334 480 499 537 potes:
536 480 639 521 arte
675 492 794 537 opus
828 481 913 533 est,
948 481 1005 521 ut
1039 477 1132 522 tibi
1160 493 1326 538 parma
1357 477 1507 524 cadat.
1537 495 1593 524 10

756 627 953 672 XLIII.

119 746 217 792 Hic
252 746 337 807 qui
372 746 494 792 dura
528 748 697 793 sedens
732 754 952 809 porrecto
988 765 1104 794 saxa
1138 749 1273 794 leone

185 826 386 888 Mitigat
421 827 595 887 exiguo
631 844 834 888 magnus
869 828 920 873 in
956 845 1064 874 aere
1099 829 1228 886 deus,

121 906 351 968 Quaeque
386 907 517 965 tulit,
555 913 743 968 spectat
776 909 1003 970 resupino
1040 909 1198 955 sidera
1231 910 1369 955 voltu
1387 929 1398 968 3

187 987 337 1033 Cuius
371 987 509 1033 laeva
543 988 666 1034 calet
700 989 884 1044 robore,
921 990 1094 1035 dextra
1127 1005 1288 1036 mero:

120 1067 236 1113 Non
271 1072 344 1113 est
378 1068 508 1113 fama
542 1083 708 1113 recens
743 1084 830 1113 nec
864 1068 1020 1113 nostri
1054 1068 1207 1128 gloria
1241 1067 1358 1113 caeli
1377 1086 1387 1125 3
1571 1083 1594 1129 5

188 1147 367 1193 Nobile
402 1147 605 1209 Lysippi
639 1164 817 1193 munus
852 1164 1066 1209 opusque
1101 1148 1249 1194 vides,

123 1227 234 1273 Hoc
268 1227 442 1272 habuit
475 1244 658 1273 numen
694 1227 877 1273 Pellaei
911 1244 1077 1273 mensa
1110 1227 1322 1288 tyranni,

189 1307 287 1362 Qui
322 1307 418 1352 cito
453 1307 723 1368 perdomito
759 1308 914 1353 victor
948 1307 1001 1352 in
1036 1307 1150 1353 orbe
1184 1307 1320 1352 iacet.

126 1386 277 1432 Hunc
311 1401 432 1447 puer
466 1386 529 1432 ad
566 1386 773 1447 Libycas
807 1387 1056 1432 iuraverat
1092 1386 1345 1431 Hannibal
1380 1401 1488 1431 aras
1505 1402 1517 1443 3

191 1463 408 1510 Iusserat
441 1464 520 1510 hic
556 1465 738 1511 Sullam
775 1481 951 1526 ponere
986 1481 1134 1525 regna
1168 1477 1366 1511 trucem.
1548 1481 1602 1510 10

126 1544 350 1590 Offensus
385 1546 550 1591 variae
584 1546 786 1591 tumidis
822 1545 1087 1590 terroribus
1121 1545 1259 1591 ‘aulae

190 1625 415 1671 Privatos
450 1627 628 1687 gaudet
660 1643 790 1672 nunc
825 1626 1046 1672 habitare
1081 1626 1215 1672 lares.

126 1704 296 1766 'thue
330 1705 427 1751 fuit
462 1706 705 1767 quondam
740 1705 917 1767 placidi
953 1705 1158 1751 conviva
1192 1704 1442 1761 Molorchi,

193 1786 270 1831 Sic
306 1787 464 1832 voluit
499 1787 629 1833 docti
665 1786 892 1832 Vindicis
927 1801 1028 1832 esse
1063 1785 1192 1832 deus

779 1949 940 1994 XLV.

196 2060 339 2106 Miles
375 2059 718 2120 Hyperboreos
752 2058 907 2114 modo,
947 2056 1245 2112 Marcelline,
1283 2055 1467 2101 triones

261 2139 324 2184 Et
361 2137 517 2184 Getici
552 2139 734 2184 tuleras
770 2138 926 2183 sidera
961 2138 1098 2198 pigra
1130 2135 1257 2197 poli:

196 2219 317 2264 Ecce
352 2217 632 2264 Promethei
666 2234 810 2279 rupes
846 2227 895 2263 et
928 2216 1094 2262 fabula
1128 2216 1308 2261 montis

263 2297 421 2352 Quam
456 2313 604 2358 prope
639 2302 754 2343 sunt
789 2297 951 2355 oculis,
993 2312 1122 2341 nunc
1158 2295 1390 2351 adeunda,
1429 2294 1553 2339 tuis!

195 2377 396 2423 Videris
429 2377 677 2423 immensis
712 2393 821 2422 cum
857 2377 1151 2422 conclamata
1186 2375 1412 2435 querellis
1576 2388 1600 2436 5

263 2459 392 2505 Saxa
426 2459 566 2516 senis,
604 2459 730 2504 dices
768 2459 990 2503 “Durior
1024 2458 1126 2518 ipse
1161 2456 1302 2503 fuit.'’

202 2539 261 2584 Et
296 2539 409 2585 licet
442 2540 559 2585 haec
593 2539 771 2585 addas:
810 2538 1018 2584 “Potuit
1054 2538 1139 2598 qui
1176 2536 1295 2581 talia
1329 2535 1467 2593 ferre,

265 2620 550 2665 Humanum
586 2620 758 2664 merito
794 2618 1002 2663 finxerat
1037 2617 1118 2663 ille
1155 2617 1351 2677 genus.’'
