1732 2959
695 150 828 197 LIB.
890 150 1000 197 VII.
1519 153 1580 200 83

798 312 888 358 VI.

104 418 290 479 Ecquid
327 417 656 479 Hyperboreis
692 419 750 463 ad
786 435 872 463 nos
908 434 1164 464 conversus
1199 420 1260 464 ab
1296 419 1391 465 oris

167 498 414 544 Ausonias
449 497 625 543 Caesar
658 498 756 543 iam
791 504 930 559 parat
964 499 1036 544 ire
1071 498 1176 544 vias
1190 500 1206 544 ’ἰ

103 577 276 623 Certus
310 578 446 622 abest
480 582 660 634 auctor,
699 577 782 622 sed
819 593 913 622 vox
949 577 1037 623 hoc
1072 578 1271 623 nunciat
1307 578 1488 624 omnis:

169 655 323 701 Credo
360 655 477 702 tibi:
513 670 681 699 verum
717 655 885 711 dicere,
924 656 1085 715 Fama,
1128 657 1259 703 soles.

103 736 304 781 Publica
338 735 557 780 victrices
593 740 838 780 testantur
871 737 1048 796 gaudia
1084 737 1290 791 chartae,
1556 752 1580 801 5

169 813 353 859 Martia
386 814 626 875 laurigera
661 815 856 876 cuspide
890 815 989 876 pila
1026 815 1198 862 virent.

104 895 306 952 RursuS,
345 895 403 955 io,
443 912 640 956 magnos
675 896 850 942 clamat
884 896 978 942 tibi
1016 897 1170 942 Roma
1205 898 1477 959 triumphos

172 975 487 1036 Invictusque
522 981 620 1031 tua,
661 975 849 1032 Caesar,
888 977 940 1022 in
977 977 1094 1022 urbe
1130 993 1282 1024 sonas.

105 1054 199 1100 Sed
233 1054 331 1098 iam
365 1054 578 1100 laetitiae
613 1070 707 1115 quo
743 1055 806 1100 sit
841 1055 1017 1101 fiducia
1051 1056 1217 1113 maior,

171 1133 464 1179 Sarmaticae
501 1134 664 1179 laurus
700 1135 905 1180 nuncius
940 1135 1042 1197 ipse
1078 1137 1201 1182 veni.
1531 1155 1586 1185 10

785 1284 906 1331 VII.

175 1394 396 1439 Hiberna
431 1394 652 1455 quamvis
688 1394 867 1440 Arctos
903 1399 951 1439 et
986 1394 1121 1440 rudis
1160 1394 1318 1442 Peuce

172 1473 239 1519 Et
276 1475 565 1535 ungularum
602 1474 820 1535 pulsibus
856 1475 1016 1520 calens
1052 1475 1226 1521 Hister

173 1555 470 1616 Fractusque
507 1572 655 1600 cornu
691 1555 790 1600 iam
823 1561 900 1600 ter
933 1555 1152 1615 improbo
1187 1555 1391 1601 Rhenus

173 1637 353 1683 Teneat
388 1637 667 1683 domantem
703 1652 850 1697 regna
885 1636 1093 1697 perfidae
1129 1635 1299 1697 gentis,

173 1719 252 1774 Te,
290 1734 475 1763 summe
509 1717 679 1763 mundi
715 1723 871 1763 rector
905 1724 954 1762 et
989 1733 1162 1778 parens
1197 1717 1358 1761 orbis:
1562 1731 1586 1779 5

174 1799 361 1844 Abesse
394 1798 573 1843 nostris
607 1814 706 1843 non
741 1805 905 1843 tamen
940 1802 1075 1858 potes
1110 1797 1248 1842 votis,

175 1876 285 1922 Illic
320 1881 369 1922 et
403 1876 552 1921 oculis
587 1882 637 1921 et
672 1877 846 1921 animis
882 1892 1060 1933 sumus,
1102 1874 1288 1932 Caesar,

175 1956 410 2017 Adeoque
445 1962 631 2002 mentes
666 1956 884 2001 omnium
919 1961 1053 2001 tenes
1090 1972 1230 2013 unus,

177 2037 253 2083 Ut
287 2037 391 2098 ipsa
426 2037 589 2098 magni
623 2037 768 2082 turba
803 2037 987 2082 nesciat
1023 2035 1162 2093 Circi,

178 2116 427 2163 Utrumne
462 2123 625 2166 currat
661 2116 945 2162 Passerinus
980 2132 1044 2161 an
1079 2115 1249 2177 Tigris.
1536 2131 1593 2163 10

775 2261 928 2308 VIII.

114 2369 163 2413 N
171 2385 260 2414 unc
295 2369 484 2426 hilares,
523 2371 563 2415 si
598 2370 790 2431 quando
825 2370 961 2429 mihi,
997 2387 1128 2416 nunc
1162 2370 1328 2428 ludite,
1368 2369 1570 2415 Musae:

181 2449 355 2494 Victor
387 2451 448 2495 ab
484 2450 692 2509 Odrysio
726 2450 947 2495 redditur
982 2451 1094 2495 orbe
1129 2450 1258 2496 deus.

116 2529 260 2575 Certa
293 2530 410 2576 facis
444 2531 611 2591 populi
644 2537 701 2576 tu
736 2530 921 2591 primus
955 2535 1082 2587 vota,
1123 2530 1416 2576 December:

183 2608 291 2653 Iam
324 2608 438 2653 licet
472 2609 659 2669 ingenti
693 2608 850 2654 dicere
884 2624 1000 2654 voce
1037 2608 1235 2653 “Venit
1256 2610 1264 2653 1
1284 2609 1306 2628 ''

1333 2705 1462 2753 6—2
