1732 2959
93 71 188 116 120
443 102 447 105 -
640 73 1034 120 MARTIALIS

225 175 265 222 O
303 176 526 237 quotiens
561 184 775 222 veterem
809 193 908 222 non
942 177 1183 223 inficiatus
1218 177 1425 222 amicum

292 255 482 302 Dixisti
519 256 698 302 “Meus
733 262 806 302 est
838 257 931 303 iste
965 262 1120 318 poeta,
1159 259 1350 303 meus1''

225 335 382 381 Omne
416 335 510 381 tibi
543 341 764 381 nostrum
799 336 928 397 quod
962 337 1037 382 bis
1072 337 1320 383 trieteride
1353 336 1520 382 iuncta

291 418 427 462 Ante
460 417 606 462 dabat
637 417 799 475 lector,
826 434 956 464 nunc
989 418 1125 464 dabit
1156 423 1324 463 auctor
1357 433 1486 478 opus.
1517 434 1573 463 10

681 711 986 758 LXXXVI.

156 899 405 946 Festinata
440 900 515 946 sui
550 905 762 961 gemeret
796 901 923 962 quod
959 901 1059 946 fata
1096 901 1260 948 Severi

222 975 383 1033 Silius,
419 976 642 1022 Ausonio
676 992 775 1021 non
810 977 955 1023 semel
991 993 1071 1023 ore
1106 983 1291 1039 potens,

156 1055 278 1102 Cum
313 1072 455 1118 grege
491 1056 651 1102 Pierio
687 1063 896 1103 maestus
933 1057 1222 1118 Phoeboque
1257 1058 1503 1118 querebar,

225 1136 377 1198 “Ipse
413 1152 577 1182 meum
611 1136 758 1182 fievi⁷’
795 1137 923 1183 dixit
957 1138 1139 1199 Apollo
1177 1138 1375 1184 “Linon
1398 1138 1440 1185 :''

156 1217 486 1278 Respexitque
522 1233 657 1263 suam
693 1234 816 1279 quae
851 1218 1013 1264 stabat
1047 1219 1270 1280 proxima
1305 1219 1445 1264 fratri
1545 1233 1569 1281 5

224 1296 475 1358 Calliopen
510 1302 558 1343 et
593 1297 685 1343 ait:
725 1298 844 1343 “Tu
878 1314 1068 1360 quoque
1104 1299 1276 1344 volnus
1311 1299 1469 1344 habes.

156 1378 336 1438 Aspice
370 1378 626 1439 Tarpeium
663 1378 1040 1440 Palatinumque
1075 1379 1373 1425 Tonantem:

221 1458 358 1504 Ausa
391 1458 524 1503 nefas
561 1457 787 1503 Lachesis
820 1457 961 1503 laesit
995 1463 1257 1519 utrumque
1293 1457 1506 1504 Iovem.'’

156 1537 374 1582 Numina
409 1552 519 1582 cum
553 1536 718 1582 videas
754 1536 887 1582 duris
924 1538 1135 1583 obnoxia
1171 1539 1298 1594 fatis,

221 1616 419 1662 Invidia
453 1617 605 1677 possis
641 1633 901 1663 exonerare
936 1618 1059 1664 deos.
1517 1634 1571 1664 10

655 1888 988 1936 LXXXVII.

222 2059 415 2120 Septem
450 2065 560 2120 post
595 2060 763 2105 calices
800 2058 1047 2120 Opimiani

221 2140 386 2187 Denso
421 2157 531 2186 cum
567 2140 746 2186 iaceam
784 2141 960 2186 triente
995 2140 1198 2198 blaesuS‚

220 2218 385 2264 Affers
418 2220 578 2264 nescio
614 2235 732 2280 quas
768 2219 889 2264 mihi
923 2220 1128 2264 tabellas

223 2299 288 2344 Et
324 2298 442 2344 dicis
480 2297 670 2344 “Modo
706 2299 912 2343 liberum
949 2314 1048 2343 esse
1085 2297 1202 2342 iussi

221 2378 710 2424 Nastam—servolus
745 2383 818 2424 est
852 2378 974 2423 mihi
1008 2384 1306 2439 paternus—
1544 2391 1566 2436 5

223 2458 383 2517 Signa.
397 2457 420 2479 ''
458 2456 575 2504 Cras
610 2457 797 2514 melius,
835 2457 1065 2518 Luper-ce,
1103 2457 1197 2502 fiet.

224 2538 370 2584 Nunc
405 2539 563 2598 signat
598 2553 732 2584 meus
767 2537 944 2582 anulus
982 2538 1213 2597 lagonam.
