1732 2959
93 116 183 161 118
600 115 989 163 MARPJALIS

158 220 262 266 Nec
297 221 401 266 fetu
436 236 688 266 nemorum
724 221 937 281 gaudent
970 237 1058 267 nec
1092 221 1294 267 mitibus
1329 222 1502 280 herbis,
1551 237 1576 285 5

228 301 524 348 Concordem
558 302 704 347 satiat
740 301 824 346 sed
858 301 993 347 rudis
1028 317 1153 362 agna
1187 302 1375 348 famem.

154 382 284 438 Quid
318 382 498 428 meruit
533 386 691 427 terror
726 381 947 438 Nemees,
986 381 1104 442 quid
1138 381 1356 442 proditor
1391 380 1576 438 Helles,

221 460 298 508 Ut
332 462 525 506 niteant
560 459 673 506 celsi
708 460 869 506 lucida
903 461 1041 521 signa
1076 460 1208 522 poli?

157 542 324 587 Sidera
360 541 402 587 si
435 547 629 602 possent
663 541 962 602 pecudesque
997 541 1222 603 feraeque
1257 544 1444 599 mereri,

222 622 321 669 Hic
356 623 481 670 aries
516 623 671 680 astris,
710 623 787 668 hic
822 623 896 668 leo
931 623 1106 684 dignus
1141 628 1256 669 erat.
1525 640 1578 669 10

725 874 947 921 LXXII.

224 1020 379 1078 Liber,
418 1021 686 1082 Amyclaea
719 1023 929 1068 frontem
964 1022 1142 1068 vittate
1176 1038 1361 1080 corona,

290 1101 386 1156 Qui
421 1101 582 1162 quatis
617 1102 841 1148 Ausonia
874 1104 1076 1148 verbera
1112 1103 1260 1149 Graia
1294 1120 1453 1163 manu,

223 1179 369 1226 Clusa
402 1180 524 1225 mihi
557 1186 694 1227 texto
730 1198 839 1227 cum
874 1183 1077 1243 prandia
1112 1184 1293 1229 vimine
1329 1185 1508 1241 mittas,

291 1258 390 1304 Cur
424 1259 655 1306 comitata
689 1261 834 1321 dapes
869 1261 1004 1307 nulla
1040 1262 1210 1322 lagona
1244 1264 1414 1309 venjtz

223 1338 384 1399 Atqui
417 1340 563 1400 digna
597 1346 683 1386 tuo
718 1341 759 1386 si
793 1342 989 1386 nomine
1023 1359 1226 1388 munera
1259 1343 1422 1402 ferres,
1550 1360 1572 1406 5

291 1418 407 1477 Scis,
445 1425 577 1480 puto,
618 1421 876 1467 debuerint
910 1438 1032 1482 quae
1068 1423 1190 1468 mihi
1224 1423 1349 1469 dona
1385 1424 1502 1471 dari.

709 1626 953 1674 LXXIV.

294 1758 512 1820 Effigiem
549 1765 744 1805 tantum
779 1761 917 1822 pueri
951 1761 1142 1821 pictura
1177 1761 1377 1808 Camoni

358 1839 545 1898 Servat,
583 1846 632 1885 et
666 1840 871 1886 infantis
906 1857 1055 1901 parva
1088 1842 1241 1902 figura
1277 1848 1449 1891 manet.

291 1919 540 1965 Florentes
576 1920 707 1967 nulla
742 1920 952 1981 signavit
986 1921 1195 1982 imagine
1231 1922 1405 1981 voltus,

360 2000 492 2045 Dum
526 2000 668 2045 timet
702 2016 785 2045 ora
820 2002 927 2060 pius
964 2008 1100 2045 muta
1135 2001 1297 2047 videre
1332 2008 1480 2063 pater.

705 2199 949 2244 LXXVI.

161 2347 298 2392 Haec
332 2351 448 2392 sunt
479 2346 565 2391 illa
599 2346 694 2391 mei
730 2362 850 2406 quae
882 2347 1077 2391 cernitis
1108 2361 1191 2391 ora
1224 2345 1437 2402 Camom,

227 2426 365 2472 Haec
398 2426 535 2488 pueri
571 2425 715 2471 facies
749 2427 1001 2487 primaque
1034 2426 1188 2471 forma
1222 2425 1328 2470 fuit.

159 2507 390 2553 Creverat
423 2507 501 2552 hic
536 2507 697 2553 voltus
732 2508 805 2552 bis
840 2507 976 2552 denis
1011 2506 1181 2551 fortior
1214 2505 1354 2549 annis

225 2585 574 2647 Gaudebatque
609 2601 719 2631 suas
752 2586 949 2647 pingere
982 2585 1133 2630 barba
1167 2600 1325 2645 genas,
