1732 2959
137 123 228 171 158
679 125 1072 176 MARTIALIS

777 299 981 348 XXXI.

133 416 244 462 Hoc
280 433 461 473 nemus,
500 417 552 462 hi
586 417 757 473 fontes,
795 418 912 464 haec
946 419 1133 464 textilis
1168 419 1340 465 umbra
1377 418 1538 481 supini

200 496 437 554 Palmitis,
476 496 566 542 hoc
601 496 764 557 riguae
800 497 978 544 ductile
1009 499 1192 546 fiumen
1228 515 1390 560 aquae,
1441 524 1444 527 ·

134 573 380 635 Prataque
414 591 502 621 nec
535 575 691 621 bifero
726 592 917 622 cessura
952 578 1131 624 rosaria
1166 578 1340 624 Paesto

202 653 438 715 Quodque
472 654 600 700 viret
635 654 746 700 Iani
780 671 957 714 mense,
993 672 1081 703 nec
1115 658 1245 718 alget
1278 658 1383 708 olus
1402 674 1414 716 ;

134 734 364 794 Quaeque
398 739 538 779 natat
573 734 715 780 clusis
751 737 965 796 anguilla
1001 737 1261 782 domestica
1296 737 1519 798 lymphis,
1586 751 1608 798 5

197 813 425 875 Quaeque
459 814 584 875 gerit
618 815 799 861 similes
835 816 1037 862 candida
1073 817 1221 862 turris
1258 833 1398 862 aves:

131 893 338 938 Munera
371 899 488 939 sunt
522 894 774 940 dominae:
822 900 931 956 post
965 896 1170 956 septima
1204 896 1359 941 lustra
1396 911 1589 941 reverso
1645 902 1651 907 '

196 973 303 1019 Hos
339 973 573 1020 Marcella
607 974 731 1020 lares
767 991 1011 1037 parvaque
1047 992 1194 1037 regna
1230 976 1375 1021 dedit.

129 1051 179 1097 Si
216 1051 336 1097 mihi
371 1052 613 1098 Nausicaa
647 1055 828 1115 patrios
863 1055 1142 1100 concederet
1177 1055 1353 1110 hortos,

191 1131 398 1178 Alcinoo
434 1147 619 1193 possem
655 1134 811 1180 dicere
849 1135 1020 1181 “Malo
1055 1136 1237 1181 meOS.'’
1552 1153 1608 1182 10

735 1305 992 1352 XXXIV.

389 1424 608 1486 Triginta
643 1426 765 1471 mihi
800 1433 1126 1491 quattuorque
1162 1447 1334 1477 messes

386 1502 578 1560 Tecum,
617 1506 657 1550 si
693 1508 903 1564 memini,
941 1508 1086 1568 fuere,
1126 1510 1238 1562 Iuli.

390 1582 609 1638 Quarum
644 1586 804 1633 dulcia
838 1588 995 1635 mixta
1029 1597 1143 1636 sunt
1179 1593 1364 1650 amaris,

387 1663 480 1710 Sed
515 1664 725 1711 iucunda
759 1673 923 1713 tamen
959 1667 1095 1714 fuere
1130 1671 1282 1730 plura.

384 1743 451 1789 Et
486 1745 527 1790 si
561 1746 772 1792 calculus
808 1749 964 1794 omnis
998 1749 1093 1795 huc
1128 1755 1178 1796 et
1214 1751 1330 1797 illuc
1573 1767 1596 1813 5

383 1823 619 1871 Diversus
655 1826 929 1887 bicolorque
965 1827 1222 1888 digeratur,

382 1903 564 1950 Vincet
599 1906 802 1951 candida
836 1907 981 1952 turba
1015 1908 1305 1968 nigriorem.‘

381 1982 433 2028 Si
467 1983 623 2029 vitare
659 1985 788 2030 voles
823 1987 992 2031 acerba
1026 1987 1259 2048 quaedam

380 2061 446 2106 Et
480 2063 645 2110 tristes
679 2064 830 2109 animi
864 2081 1030 2111 cavere
1066 2083 1263 2126 morsus,

379 2143 522 2189 Nulli
556 2150 605 2191 te
640 2145 789 2192 facias
822 2147 968 2192 nimis
1002 2148 1222 2194 sodalem.
1539 2168 1596 2198 10

379 2221 622 2269 Gaudebis
659 2225 830 2282 minus,
868 2232 916 2271 et
951 2226 1110 2273 minus
1145 2228 1336 2276 dolebis.

724 2386 979 2434 XXXVI.

308 2504 478 2551 Libras
512 2513 754 2568 quattuor,
792 2517 877 2556 aut
913 2512 1030 2558 duas
1063 2513 1217 2559 amico

313 2585 671 2650 Algentemque
708 2595 868 2650 togam
906 2592 1193 2654 brevemque
1229 2593 1431 2652 laenam,
