1732 2959
82 137 172 183 164
628 129 1012 178 MARTJALIS

80 243 272 290 Deseris
307 243 527 301 urbanas,
564 249 650 288 tua
683 239 891 303 praedia,
931 236 1205 299 Pannyche,
1243 235 1367 294 lites,

145 323 411 383 Parvaque,
448 322 529 367 sed
563 320 708 366 tritae
743 318 956 380 praemia
990 322 1121 363 certa
1154 320 1304 376 togae.

82 402 410 461 Frumentum,
439 401 626 446 milium
661 399 998 461 ptisanamque
1019 396 1275 456 fabamque
1309 393 1491 439 solebas
1529 405 1553 453 5

144 483 368 529 Vendere
403 480 740 543 pragmaticus,
778 493 907 524 nunc
941 476 1058 523 emis
1092 473 1310 537 agricola.

694 740 941 787 LXXIV.

78 910 210 955 Dum
243 908 337 955 tibi
371 907 592 953 Niliacus
628 911 790 967 portat
825 903 1048 966 crystalla
1082 903 1311 965 cataplus,

142 988 322 1049 Accipe
357 987 416 1034 de
452 987 576 1032 circo
610 984 781 1047 pocula
817 983 1068 1029 Flaminio.

80 1069 150 1114 Hi
186 1069 335 1130 magis
371 1068 587 1125 audaces,
624 1082 689 1112 an
723 1070 839 1111 sunt
874 1064 959 1126 qui
993 1064 1111 1109 talia
1144 1063 1351 1110 mittunt

142 1148 386 1194 Munera?
434 1147 518 1193 sed
551 1145 772 1207 geminus
807 1144 986 1188 vilibus
1021 1159 1134 1188 usus
1169 1143 1306 1188 inest.

78 1228 285 1275 Nullum
320 1227 584 1274 sollicitant
618 1226 743 1282 haec,
784 1224 965 1280 Fhacce,
1002 1228 1274 1269 toreumata
1308 1223 1463 1269 furem
1530 1238 1554 1284 5

142 1309 208 1355 Et
241 1309 447 1354 nimium
482 1307 649 1352 calidis
683 1321 780 1350 non
815 1304 1057 1350 vitiantur
1090 1304 1240 1365 aquis.

77 1389 220 1448 Quid,
259 1388 387 1450 quod
422 1402 589 1432 securo
623 1390 761 1446 potat
796 1384 1000 1430 conviva
1034 1382 1269 1439 ministro,

143 1470 209 1515 Et
244 1485 407 1515 casum
441 1468 677 1513 tremulae
711 1482 808 1511 non
842 1465 1048 1510 timuere
1081 1465 1286 1510 manus?

81 1550 188 1595 Hoc
222 1564 412 1610 quoque
446 1564 543 1592 non
580 1546 704 1592 nihil
740 1550 827 1603 est,
863 1544 988 1606 quod
1036 1543 1314 1605 propinabis
1350 1544 1401 1588 in
1437 1544 1554 1599 istis,

143 1629 459 1690 Frangendus
493 1628 644 1673 fuerit
679 1627 719 1671 si
754 1625 859 1682 tibi,
898 1625 1079 1682 Flacce,
1117 1624 1253 1671 calix.
1501 1639 1556 1667 10

673 1866 951 1914 LXXXII.

79 2031 302 2092 Effugere
336 2031 388 2075 in
423 2030 625 2075 thermis
661 2035 710 2075 et
744 2029 870 2075 circa
905 2029 1072 2075 balnea
1109 2044 1206 2074 non
1241 2034 1313 2075 est

144 2112 463 2173 Menogenen,
501 2111 633 2156 omni
670 2119 723 2156 tu
758 2111 874 2156 licet
906 2116 1010 2156 arte
1045 2109 1176 2156 velis.

80 2192 306 2254 Captabit
340 2192 558 2252 tepidum
594 2191 767 2236 dextra
802 2191 1033 2251 laevaque
1068 2192 1319 2251 wigonem,

144 2273 365 2334 Imputet
400 2278 616 2332 acceptas
651 2277 708 2317 ut
741 2271 832 2316 tibi
868 2286 1005 2331 saepe
1042 2271 1174 2332 pilas.

79 2354 284 2415 Colliget
318 2357 367 2398 et
401 2352 574 2397 referet
608 2351 773 2396 laxum
809 2351 868 2397 de
904 2351 1100 2412 pulvere
1134 2350 1309 2406 follem,
1528 2365 1551 2411 5

144 2434 211 2479 Et
244 2433 286 2479 si
320 2433 414 2477 iam
450 2432 592 2489 lotus,
629 2431 722 2475 iam
761 2432 968 2476 soleatus
1003 2430 1104 2475 erit.

80 2514 252 2559 Lintea
287 2513 327 2558 si
362 2527 531 2570 sumes,
569 2511 682 2556 nive
717 2512 995 2556 candidiora
1028 2511 1265 2571 loquetur,

146 2593 255 2639 Sint
290 2592 404 2638 licet
440 2590 641 2636 infantis
677 2590 941 2635 sordidiora
976 2589 1097 2636 sinu,
