1732 2959
674 123 804 171 LIB.
854 122 982 168 XII.
1475 113 1568 160 159

295 238 550 285 Interdum
586 233 802 281 aureolos
837 247 981 276 manu
1017 232 1280 289 crepantes,

294 317 489 365 Possint
523 315 693 361 ducere
729 313 811 372 qui
846 311 963 355 duas
1000 305 1263 359 Kalendas,

298 397 436 453 Quod
471 410 624 450 nemo,
662 392 757 438 nisi
792 396 861 447 tu,
900 387 1115 444 Labulle,
1155 385 1316 439 donas,
1549 394 1570 440 5

299 480 415 525 Non
449 493 510 533 es,
550 475 686 522 crede
720 472 855 529 mihi,
891 471 1059 516 bonus.
1133 466 1263 522 Quid
1298 463 1437 525 ergol

297 559 373 606 Ut
406 572 576 603 verum
611 555 792 615 loquar,
831 551 1043 612 optimus
1077 548 1315 593 malorum
1350 560 1410 591 eS.

298 640 498 685 Pisones
535 636 831 694 Senecasque
867 630 1233 689 Memmiosque,

301 721 366 765 Εΐ,
402 719 594 778 Crispos
633 714 754 760 mihi
790 712 948 767 redde,
986 710 1069 755 sed
1103 709 1315 770 priores:

305 801 414 846 Fies
449 797 670 860 protinus
705 794 908 840 ultimus
942 792 1191 836 bonorum.
1528 797 1585 828 10

300 879 395 924 Vis
431 892 575 923 cursu
609 874 908 936 pedibusque
944 869 1165 930 gloriarm

303 958 486 1019 Tigrim
521 956 661 1001 vince
696 954 947 1012 levemque
984 947 1306 996 Passerinum.

304 1038 456 1084 Nulla
490 1042 562 1082 est
596 1034 748 1097 gloria
783 1031 1044 1095 praeterire
1079 1028 1260 1074 asellos.

718 1254 976 1301 XXXIX.

311 1396 406 1442 Odi
439 1401 501 1451 te,
540 1393 654 1454 quia
687 1390 844 1436 bellus
879 1404 948 1443 eS,
988 1385 1188 1433 Sabelle.

312 1478 411 1522 Res
445 1480 516 1521 est
549 1473 735 1535 putida,
771 1470 927 1515 bellus
961 1472 1010 1514 et
1046 1465 1278 1520 Sabellus,

313 1557 504 1604 Bellum
542 1555 748 1614 denique
783 1550 921 1606 malo,
960 1563 1105 1610 quam
1141 1542 1396 1592 Sabellum.

317 1637 549 1683 Tabescas
583 1634 787 1688 utinam,
827 1628 1029 1685 Sabelle,
1067 1625 1221 1672 belle!

738 1876 990 1925 XLVIII.

125 2028 319 2075 Boletos
354 2031 404 2072 et
438 2039 610 2085 aprum
644 2022 685 2068 si
719 2025 952 2080 tanquam
987 2014 1104 2060 vilia
1138 2011 1290 2073 ponis,

193 2107 260 2152 Et
293 2120 392 2150 non
427 2118 528 2148 esse
561 2104 704 2162 putas
739 2098 854 2143 haec
890 2110 997 2140 mea
1031 2097 1159 2149 vota,
1196 2089 1318 2135 volo.

130 2187 182 2232 Si
215 2186 520 2231 fortunatum
555 2180 660 2226 fieri
692 2194 769 2224 me
805 2176 958 2223 credis
993 2179 1042 2220 et
1076 2173 1214 2218 heres

191 2265 285 2310 Vis
319 2262 464 2309 scribi
495 2265 693 2322 propter
726 2258 940 2319 quinque
975 2253 1200 2310 Lucrina,
1237 2250 1356 2295 vale.

131 2346 290 2391 Lauta
324 2350 486 2389 tamen
521 2357 637 2386 cena
671 2345 775 2386 est:
809 2338 978 2394 fateor,
1016 2333 1300 2389 lautissima,
1328 2330 1410 2375 sed
1445 2342 1546 2372 cras
1586 2339 1610 2388 5

194 2424 283 2469 Nil
319 2423 423 2480 erit,
462 2422 609 2466 immo
644 2418 799 2475 hodie,
837 2416 1059 2478 protinus
1093 2415 1240 2459 immo
1275 2410 1410 2456 nihil.

130 2501 397 2549 Mullorum
431 2499 744 2560 leporumque
779 2501 828 2541 eb
863 2493 1064 2540 suminis
1100 2491 1260 2537 exitus
1295 2488 1374 2534 hic
1409 2491 1495 2545 est,

197 2581 592 2643 Sulphureusque
625 2578 754 2624 color
788 2575 1125 2634 carnificesque
1159 2570 1314 2633 pedes.
