1732 2959
640 138 768 186 LIB.
818 133 924 180 III.
1463 115 1523 161 43

180 263 285 309 Nec
318 254 478 320 perdit
515 251 674 297 oleum
709 242 924 291 lubricus
965 231 1258 298 palaestrita,
1468 235 1523 281 25

180 340 274 388 Sed
308 334 467 383 ‘tendit
502 327 660 376 avidis
695 328 797 370 rete
833 316 1092 365 subdolum
1127 307 1285 355 turdis

180 415 467 466 Tremulave
502 413 697 469 captum
731 403 861 447 linea
896 395 1052 443 trahit
1085 390 1278 453 piscem,

185 500 294 545 Aut
328 490 609 554 impeditam
646 483 858 531 cassibus
894 476 1043 523 refert
1078 472 1334 517 dammam.

186 579 396 625 Exercet
431 570 607 617 hilares
642 563 795 610 facilis
829 560 1001 604 hortus
1035 552 1247 598 urbanos

188 659 256 705 Et
290 653 562 718 paedagogo
597 662 694 691 non
729 642 928 687 iubente
968 631 1137 681 lascivi
1475 635 1534 678 30

189 741 366 787 Parere
402 730 615 796 gaudent
649 725 793 770 vilico
830 715 1056 780 capillati,

191 819 258 865 Et
293 814 527 861 delicatus
562 821 702 868 opere
737 802 919 848 fruitur
954 792 1216 842 eunuchus.

191 898 296 945 Nec
333 892 467 939 venit
501 886 660 934 inanis
697 881 909 928 rusticus
944 876 1209 922 salutator:

194 978 312 1023 Fert
346 972 429 1019 ille
464 967 584 1015 ceris
619 978 737 1009 cana
773 974 882 1005 cum
918 954 1017 1001 suis
1052 949 1197 997 mella

195 1055 480 1111 Metamque
515 1045 655 1090 lactis
691 1038 935 1087 Sassinate
972 1033 1030 1078 de
1063 1030 1215 1083 silva3
1487 1035 1512 1078 3
1521 1030 1543 1078 5

199 1130 554 1192 Somniculosos
588 1124 672 1170 ille
706 1116 913 1183 porrigit
948 1112 1106 1174 glires,

199 1217 299 1264 Hic
335 1211 611 1273 vagientem
645 1203 814 1249 matris
849 1194 1068 1257 hispidae
1110 1190 1279 1243 fctum,

200 1297 347 1346 Alius
382 1295 570 1339 coactos
604 1301 703 1331 non
738 1295 899 1328 amare
935 1287 1151 1336 capones.

203 1379 271 1426 Et
305 1377 432 1422 dona
466 1374 680 1416 matrum
715 1363 899 1409 vimine
935 1356 1146 1403 offerunt
1180 1352 1320 1395 texto

206 1453 424 1502 Grandes
458 1448 718 1511 proborum
753 1439 968 1500 virgines
1004 1433 1296 1480 colonorum.
1495 1436 1555 1476 40

208 1537 357 1583 Facto
392 1534 594 1576 vocatur
628 1526 785 1570 laetus
820 1533 960 1580 opere
1001 1513 1224 1568 vicinus3

209 1618 314 1663 Nec
348 1626 494 1659 avara
530 1610 692 1653 servat
728 1599 961 1647 crastinas
996 1595 1142 1655 dapes
1179 1602 1358 1642 mensa,

209 1696 493 1741 Vescuntur
529 1699 695 1733 omnes
731 1679 958 1738 ebrioque
994 1689 1093 1719 non
1128 1669 1268 1716 novit

213 1777 360 1823 Satur
394 1767 618 1817 minister
651 1761 871 1808 invidere
908 1755 1153 1802 convivae.

214 1858 289 1902 At
321 1858 379 1899 tu
413 1851 502 1896 sub
537 1847 656 1892 urbe
692 1839 901 1904 possides
934 1837 1113 1882 famem
1148 1828 1381 1876 mundam
1503 1838 1532 1878 4
1538 1835 1560 1881 5

218 1936 285 1982 Et
318 1941 454 1979 turre
489 1929 550 1974 ab
584 1926 684 1971 alta
718 1917 951 1984 prospicis
985 1929 1141 1960 meras
1181 1911 1363 1963 laurus,

218 2015 397 2061 Furem
433 2008 612 2066 Priapo
646 2018 745 2048 non
778 2001 985 2046 timente
1022 2006 1251 2048 securus3

223 2094 289 2140 Et
321 2089 581 2137 vinitorem
620 2084 745 2129 farre
780 2077 935 2141 pascis
970 2073 1156 2119 urbano

225 2174 510 2231 Pictamque
544 2169 709 2228 portas
744 2160 926 2207 otiosus
960 2155 1023 2201 ad
1057 2152 1226 2198 villam

228 2253 362 2308 Olus,
397 2265 501 2305 ova,
538 2245 710 2308 pullos,
750 2254 903 2301 poma,
942 2248 1146 2287 caseum,
1185 2232 1413 2275 mustum.
1515 2235 1573 2280 50

229 2332 336 2378 Rus
369 2329 458 2374 hoc
493 2322 656 2370 vocari
691 2321 847 2375 debet,
885 2332 948 2362 an
983 2314 1152 2358 domus
1186 2305 1358 2367 longe}

786 2429 898 2477 LX.

103 2543 226 2589 Cum
262 2551 404 2583 vocer
438 2533 499 2579 ad
535 2544 703 2578 cenam
737 2542 835 2572 non
869 2523 969 2568 iam
1004 2517 1190 2565 venalis
1225 2520 1281 2559 ut
1316 2517 1444 2567 ante,

173 2619 272 2666 Cur
305 2613 427 2661 mihi
460 2627 560 2657 non
595 2608 774 2663 eadem,
811 2618 934 2665 quae
969 2599 1076 2656 tibi,
1114 2609 1230 2641 cena
1273 2589 1449 2637 datur?
