1732 2959
740 104 871 150 LIB.
919 103 985 150 X.
1512 104 1600 149 141

256 213 323 260 Et
357 229 499 274 quem
534 211 708 257 sororis
742 210 983 271 hospitem
1018 210 1152 255 vides
1188 214 1345 254 castae

257 293 464 338 Martem
501 307 716 336 mearum
750 291 1016 352 principem
1052 289 1402 346 Kalendarum,
1547 306 1604 335 10

256 371 322 416 Et
356 370 587 416 delicatae
622 368 841 414 laureum
875 384 1044 414 nemus
1080 367 1264 424 Florae,

256 450 318 496 In
354 449 481 511 quod
516 448 693 508 Priapo
730 453 1047 509 persequente
1082 446 1314 507 confugit.

257 530 367 575 Hoc
402 545 541 574 omne
578 528 718 588 agelli
753 528 872 573 mite
907 527 1100 588 parvuli
1133 542 1315 572 numen

256 609 349 655 Seu
382 612 439 654 tu
473 623 652 664 cruore,
690 607 790 652 sive
824 613 933 652 ture
969 606 1208 667 placabis:

258 688 595 748 “Ubicunque
631 694 789 732 vester
825 685 1070 731 Martialis
1105 687 1219 744 est‚''
1260 685 1400 743 dices,
1547 699 1601 746 15

257 767 422 824 “Hac‚
462 783 578 824 ecce,
618 781 804 811 mecum
839 766 1039 811 dextera
1072 765 1185 811 litat
1219 765 1356 811 vobis

254 847 446 893 Absens
481 847 698 893 sacerdos
715 862 730 905 3
779 861 861 891 vos
896 850 1066 907 putate
1100 851 1403 906 praesentem

255 926 321 972 Et
355 927 466 973 date
501 927 687 971 duobus
723 925 961 986 quidquid
995 925 1118 970 alter
1153 926 1394 986 optabit.''

763 1113 958 1159 XCIII.

188 1234 237 1281 Si
274 1235 406 1295 prior
441 1233 706 1295 Euganeas,
747 1233 980 1291 Clemens,
1019 1232 1301 1279 Helicaonis
1336 1248 1444 1278 oras

254 1315 485 1375 Pictaque
519 1314 788 1374 pampineis
821 1313 1002 1358 videris
1037 1329 1155 1359 arva
1187 1313 1326 1374 iugis,

186 1393 354 1439 Perfer
387 1393 645 1438 Atestinae
679 1393 896 1437 nondum
930 1391 1130 1453 vulgata
1165 1391 1372 1437 Sabinae

254 1473 494 1532 Carmina,
530 1488 773 1534 purpurea
806 1472 888 1518 sed
922 1471 1065 1517 modo
1100 1471 1231 1517 culta
1264 1476 1388 1531 toga.

187 1552 263 1599 Ut
296 1568 404 1598 rosa
439 1551 657 1609 delectat,
695 1552 896 1597 metitur
930 1566 1052 1613 quae
1087 1550 1259 1612 pollice
1293 1549 1461 1611 prim0‚
1575 1564 1598 1611 5

255 1632 332 1678 Sic
367 1648 493 1677 nova
528 1647 615 1677 nec
650 1636 814 1676 mento
851 1631 1043 1676 sordida
1078 1631 1243 1676 charta
1278 1631 1428 1676 iuvat.

751 1818 970 1865 XCVII.

188 1944 319 1990 Dum
354 1944 474 1990 levis
507 1959 676 1989 arsura
709 1942 918 1988 struitur
953 1941 1173 1986 Libitina
1209 1955 1403 2001 papyro,

254 2025 386 2070 Dum
420 2024 668 2085 myrrham
704 2028 753 2068 et
787 2022 964 2068 casiam
999 2020 1170 2066 flebilis
1205 2034 1330 2065 uxor
1365 2018 1496 2075 emit,

186 2104 293 2150 Iam
330 2106 503 2161 scrobe,
542 2104 641 2149 iam
674 2103 811 2159 lecto,
849 2102 947 2146 iam
980 2100 1266 2161 pollinctore
1300 2103 1469 2160 parato

254 2185 497 2230 Heredem
533 2183 722 2244 scripsit
756 2198 832 2227 me
868 2181 1065 2227 Numa:
1114 2179 1373 2226 convaluit.

796 2375 930 2422 CIV.

322 2499 349 2544 I
384 2504 548 2544 nostro
583 2511 751 2555 comes,
788 2496 808 2541 i
841 2495 1015 2553 libelle,
1056 2493 1207 2539 Flavo

323 2580 542 2640 Longum
577 2593 662 2639 per
695 2592 841 2634 mare,
879 2575 961 2621 sed
995 2573 1205 2620 faventis
1240 2572 1409 2629 undae,
