1732 2959
772 115 904 161 LIB.
953 116 1021 161 X.
1541 117 1631 163 139

772 304 1018 350 LXXIX.

222 426 301 471 Ad
335 426 543 487 lapidem
578 425 851 486 Torquatus
886 426 1032 471 habet
1068 424 1308 486 praetoria
1342 431 1600 487 quartum3

284 505 367 549 Ad
402 509 629 565 quartum
664 503 809 548 breve
843 519 926 548 rus
962 504 1080 549 emit
1117 503 1393 550 Octacilius.

220 583 491 644 Torquatus
525 582 705 627 nitidas
740 583 876 628 vario
911 582 970 628 de
1004 598 1240 628 marmore
1275 582 1488 628 thermas

285 663 555 720 Extruxit3
602 678 852 708 cucumam
887 663 1001 708 fecit
1037 662 1285 709 Otacilius.

220 741 472 801 Disposuit
507 739 765 801 daphnona
799 757 884 785 suo
919 740 1190 801 Torquatus
1225 741 1277 785 in
1312 756 1455 801 agro3
1607 753 1630 800 5

288 821 547 867 Castaneas
583 825 777 866 centum
813 820 939 865 sevit
976 820 1223 866 Otacilius.

219 900 424 947 Consule
460 900 703 961 Torquato
739 899 830 944 vici
869 900 962 944 fuit
997 899 1079 945 ille
1116 900 1357 960 magister,

285 981 400 1026 Non
435 980 592 1025 minor
626 980 678 1025 in
713 985 851 1025 tanto
887 979 1018 1024 visus
1053 979 1233 1024 honore
1269 979 1371 1024 sibi.

220 1061 430 1107 Grandis
464 1066 522 1106 ut
556 1060 780 1121 exiguam
818 1061 899 1106 bos
935 1077 1102 1106 ranam
1140 1065 1336 1121 ruperat
1370 1059 1499 1114 olim,

286 1140 377 1198 Sic,
413 1146 543 1201 puto,
580 1141 850 1202 Torquatus
885 1145 1079 1201 rumpet
1115 1139 1388 1185 Otacilium.
1577 1156 1634 1185 10

764 1343 1034 1390 LXXXV.

154 1470 260 1515 Iam
297 1469 455 1514 senior
491 1467 657 1513 Ladon
693 1467 946 1512 Tiberinae
981 1471 1133 1511 nauta
1168 1466 1359 1511 carinae

221 1548 450 1594 Proxima
485 1547 673 1593 dilectis
708 1564 820 1593 rura
856 1547 1047 1607 paravit
1081 1547 1232 1607 aquis.

154 1628 289 1684 Quae
323 1643 432 1673 cum
469 1643 608 1687 saepe
643 1643 794 1688 vagus
831 1632 1073 1687 premeret
1107 1626 1405 1672 torrentibus
1440 1626 1583 1672 undis

219 1706 378 1752 Tibris
415 1711 462 1752 et
496 1706 697 1751 hiberno
732 1711 980 1766 rumperet
1013 1721 1131 1751 arva
1165 1704 1285 1761 lacu,

156 1787 419 1832 Emeritam
455 1786 670 1848 puppim,
711 1789 815 1847 ripa
850 1802 970 1846 quae
1006 1785 1166 1830 stabat
1201 1785 1253 1829 in
1287 1784 1400 1841 alta,
1609 1798 1633 1845 5

223 1867 453 1927 Implevit
488 1867 615 1912 saxis
650 1866 966 1927 opposuitque
1001 1865 1151 1910 vadis.

157 1946 235 1992 Sic
268 1946 442 1991 nimias
476 1945 655 1990 avertit
689 1960 847 2005 aquas.
920 1944 1039 2000 Quis
1074 1943 1265 1989 credere
1299 1945 1494 2004 posset?

225 2029 480 2074 Auxilium
517 2027 710 2072 domino
745 2042 900 2072 mersa
934 2025 1097 2071 carina
1131 2024 1259 2069 tulit.

729 2212 1058 2260 LXXXVII.

358 2335 586 2381 Octobres
621 2349 707 2394 age
741 2333 922 2378 sentiat
956 2331 1207 2377 Kalendas

357 2414 573 2460 Facundi
607 2414 688 2474 pia
723 2413 882 2458 Roma
917 2411 1169 2457 Restituti.

356 2493 558 2554 Linguis
592 2492 815 2538 omnibus
850 2496 899 2536 et
932 2491 1092 2535 favete
1124 2488 1252 2534 votis
1275 2505 1286 2544 3

357 2572 583 2618 Natalem
618 2571 830 2627 colimus,
868 2575 1024 2616 tacete
1059 2569 1182 2614 liteS.
