1732 2959
726 122 851 170 LIB.
903 120 997 167 IX.
1517 113 1606 160 117

190 236 440 298 Expendit
473 238 658 279 veteres
694 229 906 276 calathos
941 232 991 273 et
1025 227 1066 271 si
1100 241 1197 286 qua
1230 223 1433 268 fuerunt
1555 236 1604 281 15

256 316 437 362 Pocula
471 314 726 360 Mentorea
759 309 1017 354 nobilitata
1050 321 1212 361 manu,

193 397 259 442 Et
293 395 473 441 virides
507 393 638 453 picto
672 404 884 450 gemmas
918 384 1196 432 numeravit
1228 383 1282 429 in
1316 397 1445 438 auro,

259 472 510 535 Quidquid
545 476 595 517 et
629 486 658 516 a
691 470 834 514 nivea
871 465 1101 527 grandius
1135 479 1250 509 aure
1285 466 1434 508 sonat.

195 552 528 612 Sardonychas
565 564 699 594 veros
736 562 897 592 mensa
934 542 1176 605 quaesivit
1209 540 1263 587 in
1296 540 1427 586 omni

261 632 328 678 Et
361 631 574 691 pretium
609 627 796 687 magnis
832 624 947 669 fecit
982 620 1260 682 iaspidibuS.
1557 632 1614 661 20

200 710 475 759 Undecima
510 708 664 753 lassus
700 721 807 751 cum
844 704 942 749 iam
979 702 1242 748 discederet
1276 699 1405 754 hora,

264 793 388 837 Asse
423 791 542 835 duos
577 787 745 834 calices
781 785 900 831 emit
935 791 984 830 et
1018 784 1120 844 ipse
1155 781 1282 827 tulit.

746 1010 999 1057 LXVIII.
1058 1063 1062 1066 Α

199 1155 327 1211 Quid
362 1153 454 1199 tibi
488 1151 737 1197 nobiscum
772 1153 858 1204 est,
894 1147 998 1192 ludi
1033 1145 1261 1191 scelerate
1294 1142 1536 1203 magister,

266 1234 491 1280 Invisum
526 1230 688 1293 pueris
722 1227 1090 1289 virginibusque
1125 1229 1270 1285 caput
1288 1225 1325 1287 ’ἰΔ

203 1314 438 1360 Nondum
472 1300 661 1357 cristati
695 1324 867 1370 rupere
903 1306 1096 1352 silentia
1129 1304 1274 1365 galli:

271 1393 527 1438 Murmure
561 1390 657 1435 iam
690 1403 832 1434 saevo
863 1385 1238 1452 verberibusque
1269 1387 1422 1427 tonas.

203 1475 322 1520 Tam
357 1489 501 1533 grave
535 1470 770 1531 percussis
806 1460 1060 1512 incudibus
1095 1480 1205 1509 aera
1239 1461 1490 1517 resultant,
1597 1474 1618 1520 5

272 1552 523 1600 Causidico
559 1550 770 1595 medium
805 1564 914 1593 cum
949 1547 1082 1591 faber
1117 1548 1253 1606 aptat
1286 1558 1492 1603 equum:

211 1634 385 1681 Mitior
418 1633 471 1677 in
506 1647 679 1691 magno
716 1630 893 1674 clamor
927 1626 1048 1671 furit
1083 1623 1456 1685 amphitheatro,

275 1712 511 1758 Vincenti
544 1725 738 1772 parmae
774 1724 882 1754 cum
918 1722 1003 1752 sua
1037 1705 1182 1750 turba
1214 1705 1360 1748 favet.

208 1793 377 1840 Vicini
411 1807 631 1838 somnum
667 1806 764 1834 non
799 1793 904 1833 tota
937 1791 1078 1831 nocte
1113 1799 1364 1845 rogamus:

275 1874 406 1920 Nam
439 1872 642 1933 vigilare
675 1871 780 1915 leve
816 1873 899 1924 est,
939 1865 1225 1928 pervigilare
1260 1877 1406 1924 grave
1442 1865 1524 1906 est.
1572 1876 1629 1906 10

211 1953 487 2014 Discipulos
521 1951 712 1996 dimitte
746 1955 868 1994 tuos
945 1947 1047 2003 Vis,
1086 1944 1289 2007 garrule,
1329 1945 1560 2003 quantum

279 2031 474 2093 Accipis
509 2035 566 2076 ut
601 2030 788 2087 clames,
827 2027 1039 2088 accipere
1073 2029 1131 2070 ut
1165 2023 1356 2069 taceas?

799 2215 990 2261 LXXI.
1036 2225 1041 2227 ·

218 2357 426 2418 Massyli
458 2356 533 2401 leo
567 2356 695 2400 fama
729 2352 832 2413 iugi
863 2349 1138 2411 pecorisque
1169 2346 1372 2392 maritus

286 2437 513 2498 Lanigeri
546 2436 726 2481 mirum
754 2449 849 2494 qua
881 2431 1034 2477 coiere
1065 2429 1171 2474 fide.

223 2519 335 2580 Ipse
370 2517 482 2562 licet
516 2515 693 2571 videas,
733 2527 877 2558 cavea
912 2508 1222 2555 stabulantur
1255 2506 1307 2551 in
1342 2519 1439 2550 una

291 2595 356 2639 Et
391 2592 573 2654 pariter
608 2589 758 2635 socias
793 2586 947 2646 carpit
981 2590 1186 2644 uterque
1221 2581 1393 2641 dapes:
