1732 2959
675 125 801 173 LIB.
857 127 968 174 VII.
1498 131 1558 177 95

725 290 913 336 XCVI.

74 410 310 456 Conditus
345 410 422 456 hic
457 427 543 471 ego
578 426 683 456 sum
722 410 860 456 Bassi
894 411 1041 466 dolor,
1082 411 1295 457 Urbicus
1329 411 1502 469 infans,

141 488 232 534 Oui
266 504 420 550 genus
456 494 505 534 et
540 505 717 534 nomen
753 490 967 534 maxima
1003 489 1160 535 Roma
1195 491 1339 538 dedit.

74 567 169 614 Sex
206 569 327 613 mihi
361 569 417 615 de
452 570 607 630 prima
643 569 842 615 deerant
877 570 1126 616 trieteride
1161 587 1358 628 menseS‚

139 648 399 709 Ruperunt
434 648 630 694 tetricae
665 665 771 694 cum
810 650 936 695 mala
971 666 1118 711 pensa
1154 652 1279 698 deae.

74 727 203 782 Quid
238 727 427 788 species,
466 727 583 788 quid
618 727 783 788 lingua
819 729 951 785 mihi,
991 731 1108 791 quid
1143 731 1326 792 profuit
1361 735 1524 779 aetas‘l

141 808 219 854 Da
253 808 474 854 lacrimas
508 809 713 866 tumulo,
753 809 836 870 qui
868 810 985 871 legis
1021 811 1130 869 ista,
1166 828 1284 857 meo,
1531 816 1558 861 6

74 888 152 935 Sic
187 889 248 934 ad
283 889 529 946 Lethaeas,
569 888 665 935 nisi
700 889 908 935 Nestore
943 891 1109 949 serius,
1148 893 1302 938 undas

139 968 256 1014 Non
291 974 381 1027 eat,
421 970 610 1030 optabis
647 985 789 1029 quem
826 985 1070 1031 superesse
1105 971 1209 1017 tibi.

720 1172 911 1219 XCIX.

142 1289 219 1335 Sic
254 1289 498 1351 placidum
533 1289 696 1334 videas
732 1306 930 1351 semper,
971 1290 1204 1352 Crispine,
1244 1291 1526 1349 Tonantem,

207 1368 312 1414 Nec
347 1375 394 1414 te
432 1368 588 1413 Roma
620 1368 794 1425 minus,
830 1385 975 1430 quam
1011 1374 1096 1414 tua
1132 1369 1376 1430 Memphis
1407 1377 1560 1418 amet:

142 1448 369 1494 Carmina
404 1447 660 1494 Parrhasia
695 1450 736 1494 si
770 1456 936 1495 nostra
969 1450 1192 1512 legentur
1226 1453 1277 1496 in
1313 1451 1437 1508 aula,

207 1527 502 1588 —Namque
537 1527 692 1572 solent
728 1544 858 1574 sacra
895 1529 1111 1575 Caesaris
1146 1546 1261 1576 aure
1296 1531 1460 1576 frui——

141 1608 315 1654 Dicere
350 1608 408 1653 de
443 1608 595 1664 nobis,
632 1618 688 1654 ut·
723 1609 873 1655 lector
908 1609 1151 1667 candidus,
1189 1611 1342 1656 aude:
1535 1624 1558 1672 5

212 1689 562 1750 “Temporibus
597 1695 814 1750 praestat
848 1706 946 1736 non
981 1690 1107 1735 nihil
1142 1691 1233 1736 iste
1269 1692 1380 1746 tuis,

143 1770 248 1817 Nec
283 1770 448 1816 Marso
485 1771 688 1816 nimium
725 1772 884 1817 minor
918 1777 991 1818 est
1026 1772 1261 1834 doctoque
1303 1772 1540 1821 Catullo.”

210 1849 321 1895 Hoc
355 1850 472 1896 satis
507 1855 611 1896 est:
662 1851 760 1911 ipsi
795 1860 954 1896 cetera
990 1852 1167 1897 mando
1203 1852 1302 1898 de0.
