1732 2959
733 128 862 175 LIB.
909 127 1017 174 III.
1555 128 1613 172 37

847 288 910 334 Χ.

138 389 417 447 Constituit,
457 388 749 444 Phi-lomuse‚
787 393 926 448 pater
958 388 1050 433 tibi
1084 386 1219 432 milia
1254 387 1369 432 bina

203 468 458 514 Menstrua
492 483 672 529 perque
706 483 872 513 omnes
906 467 1152 528 praestitit
1186 466 1271 512 illa
1306 467 1421 525 dies,

137 548 404 593 Luxuriam
439 552 679 606 premeret
714 563 823 592 cum
858 547 1068 593 crastina
1102 563 1290 608 semper
1324 552 1509 608 egestas

202 628 269 673 Et
304 626 438 672 vitiis
473 631 631 672 essent
662 626 821 671 danda
856 626 1031 672 diurna
1067 627 1176 674 tuis,

136 706 275 752 Idem
308 711 357 751 te
391 705 599 751 moriens
633 705 857 751 heredem
892 721 954 750 ex
988 721 1091 752 asse
1126 705 1352 768 reliquit:
1555 720 1576 766 5

201 783 534 830 Exheredavit
570 789 630 839 te,
670 783 963 841 Pffllomuse,
1001 791 1149 845 pater.

798 944 947 991 XVI.

135 1041 236 1087 Das
270 1041 571 1103 gladiatores,
610 1045 829 1086 sutorum
865 1039 1040 1100 regule,
1081 1038 1242 1098 cerdo,⁴

200 1121 436 1182 Quodque
469 1120 562 1166 tibi
596 1119 771 1165 tribuit
806 1119 992 1176 subula,
1031 1117 1130 1163 sica
1166 1117 1306 1177 rapit.

135 1200 312 1245 Ebrius
347 1216 425 1245 es:
460 1215 616 1261 neque
651 1198 781 1244 enim
815 1198 994 1242 faceres
1028 1195 1118 1241 hoc
1153 1194 1339 1240 sobrius
1374 1208 1615 1256 unquam,

200 1279 276 1326 Ut
309 1279 456 1325 velles
492 1279 618 1325 corio
654 1278 833 1330 ludere,
870 1277 1025 1334 cerdo,
1062 1281 1161 1322 tuo,

134 1358 319 1404 Lusisti
353 1359 509 1404 corio:
545 1358 627 1403 sed
661 1367 722 1415 te,
762 1356 884 1402 tm'hi
919 1356 1070 1412 crede,
1108 1360 1351 1400 memento
1556 1368 1578 1414 5

199 1439 346 1485 Nunc
380 1439 433 1483 in
467 1437 705 1500 pellicula,
744 1437 896 1494 cerdo,
936 1440 1102 1481 tenere
1137 1440 1233 1481 tua.

797 1597 948 1643 XIX.

201 1692 433 1739 Proxima
467 1692 682 1737 centenis
717 1691 990 1737 ostenditur
1024 1705 1136 1734 ursa
1170 1687 1420 1743 columnis,

268 1774 521 1818 Exornant
557 1773 696 1817 fictae
731 1787 827 1832 qua
861 1771 1125 1832 platanona
1159 1769 1299 1815 serae.

200 1855 367 1900 Huius
401 1853 518 1898 dum
552 1853 743 1914 patulos
779 1851 998 1897 alludens
1033 1856 1242 1912 temptat
1277 1849 1440 1895 hiatus

267 1933 476 1980 Pulcher
512 1933 683 1992 Hylas,
722 1938 939 1977 teneram
973 1931 1143 1977 mersit
1177 1930 1229 1975 in
1265 1945 1347 1975 ora
1380 1945 1591 1974 manum.

201 2014 385 2075 Vipera
419 2013 499 2058 sed
535 2027 672 2058 caeco
708 2012 938 2057 scelerata
972 2010 1157 2056 latebat
1191 2010 1243 2055 in
1278 2025 1386 2055 aere
1556 2025 1579 2072 5

267 2094 579 2154 Vivebatque
614 2091 778 2138 anima
813 2091 1050 2137 deteriore
1084 2091 1202 2136 fera.

203 2174 317 2219 Non
352 2172 503 2219 sensit
537 2188 657 2233 puer
693 2187 793 2217 esse
828 2171 975 2228 dolos,
1012 2169 1109 2215 nisi
1143 2170 1287 2215 dente
1322 2175 1525 2230 recepto,

269 2252 403 2298 Dum
436 2252 592 2312 perit:
629 2267 656 2296 o
692 2250 892 2308 facinus,
930 2250 1050 2296 falsa
1085 2250 1213 2311 quod
1248 2265 1361 2294 ursa
1394 2248 1513 2293 fuit!

816 2411 935 2458 XX.
971 2420 1007 2446 's

236 2506 343 2564 Dic,
382 2505 541 2564 Musa}
578 2495 695 2568 qffid
730 2484 842 2568 agat
878 2490 1057 2551 Canius
1092 2520 1227 2550 meus
1264 2502 1461 2548 Rufus:

235 2586 484 2633 Utrumne
519 2587 697 2632 chartis
732 2586 884 2631 tradit
919 2585 1001 2630 ille
1037 2584 1241 2630 victuris
