1732 2959
496 459 562 509 M.
617 459 774 511 VAL.
828 460 1232 516 MARTIALIS

400 610 1319 679 EPIGRAMMATON

660 781 873 828 LIBER
909 784 1065 832 VIII.

122 966 409 1026 Imperatori
457 966 738 1014 Domitiano
789 967 982 1015 Caesari
1029 969 1258 1030 Auyusw,
1312 972 1604 1030 Germanico,

446 1044 641 1102 Dacico,
693 1046 906 1093 Valerius
941 1049 1193 1096 splartialis
1227 1050 1275 1097 S.

219 1163 394 1210 OMNES
430 1166 626 1226 quidem
661 1167 812 1213 libelli
848 1170 957 1227 mei,
996 1169 1202 1228 domine,
1242 1172 1416 1232 quibus
1453 1180 1507 1218 tu
1544 1173 1609 1219 fa-

120 1260 260 1301 mam,
289 1246 338 1290 id
374 1251 447 1291 est
481 1247 648 1304 vitam,
688 1248 874 1306 dedisti,
915 1250 1006 1295 tibi
1042 1251 1343 1312 supplicant3
1381 1258 1441 1309 et,
1475 1258 1607 1314 puto,

119 1331 316 1386 propter
361 1326 450 1372 hoc
485 1327 719 1388 legentur.
793 1329 892 1374 Hic
928 1336 1105 1388 tamen,
1143 1331 1228 1392 qui
1264 1333 1417 1392 operis
1454 1333 1610 1378 nostri

119 1410 318 1451 octavus
382 1406 678 1458 inscribitur,
738 1409 983 1454 occasione
1044 1411 1238 1471 pietatis
1306 1412 1609 1473 frequentius

119 1484 310 1530 fruitur.
385 1485 555 1532 Minus
601 1487 766 1549 itaque
812 1489 1005 1549 ingenio
1052 1490 1367 1537 laborandum
1405 1493 1513 1550 fuib,
1557 1494 1608 1541 in

119 1564 255 1610 cuius
329 1565 487 1610 locum
545 1567 747 1612 materia
814 1564 1130 1616 successerab:
1202 1587 1345 1632 quam
1415 1573 1610 1633 quidem

119 1642 324 1688 subinde
350 1643 513 1705 aliqua
536 1645 749 1691 iocorum
781 1647 996 1693 mixtura
1028 1650 1217 1696 variare
1247 1652 1606 1712 temptavimus,

118 1737 179 1768 ne
204 1723 399 1768 caelesti
423 1726 741 1772 verecundiae
772 1732 885 1773 tuae
916 1728 1081 1774 laudes
1114 1746 1236 1789 suas,
1272 1747 1394 1792 quae
1421 1733 1609 1779 facilius

120 1811 168 1848 te
203 1797 406 1865 fatigare
449 1807 647 1866 possint,
686 1823 828 1868 quam
880 1825 966 1855 nos
1010 1811 1198 1869 satiare,
1245 1813 1399 1858 omnis
1442 1829 1610 1859 versus

119 1882 370 1942 ingereret.
429 1884 663 1939 Quamvis
710 1893 873 1932 autem
929 1889 1275 1949 epigrammata
1331 1907 1359 1936 a
1416 1892 1609 1938 severis-

119 1959 251 2004 simis
278 1975 468 2020 quoque
495 1967 542 2006 et
567 1978 783 2009 summae
808 1964 1032 2010 fortunae
1056 1966 1174 2010 viris
1200 1966 1270 2011 ita
1293 1968 1470 2028 scripta
1495 1968 1605 2027 sint,

120 2044 176 2081 ut
211 2037 452 2084 mimicam
490 2042 747 2087 verborum
783 2043 1030 2090 licentiam
1069 2046 1312 2092 affectasse
1336 2047 1605 2105 videantur,

120 2133 204 2177 ego
251 2124 414 2164 tamen
451 2120 548 2165 illis
584 2137 681 2167 non
716 2124 915 2183 permisi
949 2130 1049 2169 tam
1086 2125 1262 2171 lascive
1297 2127 1430 2187 loqui
1465 2144 1609 2188 quam

119 2197 285 2243 solent.
360 2199 481 2244 Cum
513 2216 623 2260 pars
652 2201 766 2247 libri
799 2209 847 2248 et
880 2204 1033 2249 maior
1063 2211 1110 2250 et
1145 2205 1314 2250 melior
1348 2206 1408 2251 acl
1443 2207 1608 2253 maies-

120 2282 269 2322 tabem
295 2280 418 2323 sacri
436 2280 646 2325 nominis
671 2282 744 2326 tui
770 2282 967 2343 alligata
991 2283 1066 2339 sit,
1095 2286 1368 2330 meminerit
1392 2302 1491 2332 non
1514 2287 1608 2332 nisi

120 2357 339 2418 religiosa
387 2360 724 2419 purificatione
775 2363 1006 2408 lustratos
1052 2364 1272 2410 accedere
1319 2366 1378 2410 ad
1426 2367 1607 2427 templa

119 2436 303 2484 debere.
380 2437 519 2493 Quod
557 2449 613 2484 ut
649 2441 1005 2486 custoditurum
1041 2458 1117 2487 me
1153 2443 1324 2488 lecturi
1360 2444 1524 2503 sciant,
1552 2445 1604 2489 in

117 2516 220 2577 ipso
258 2517 408 2564 libelli
447 2518 590 2563 huius
628 2519 795 2565 limine
844 2516 1057 2582 profiteri
1098 2523 1380 2569 brevissimo
1426 2524 1607 2585 placuit

118 2595 377 2656 epigramm
384 2604 479 2643 ate.

1670 1503 1693 1550 5

1639 1911 1696 1941 10

1639 2282 1732 2350 15Ὶ
