1732 2959
166 109 259 156 110
707 104 1101 152 MARTIALIS

879 264 920 311 Ι.

229 385 361 431 Dum
403 385 555 431 Ianus
591 384 786 441 hiemes,
832 383 1145 429 Domitianus
1186 386 1486 439 auctumnos,

229 466 484 526 Augustus
520 463 662 510 annis
698 463 1022 509 commodabit
1059 467 1293 520 aestates3

229 546 362 591 Dum
396 543 577 606 grande
616 543 788 589 famuli
824 559 1002 588 nomen
1041 550 1222 589 asseret
1259 542 1423 588 Rheni

228 624 622 673 Germanicarum
666 639 839 684 magna
878 623 967 669 lux
1008 622 1377 680 Kalendarum3

141 715 145 720 ’
228 707 430 770 Tarpeia
467 706 642 753 summi
683 722 801 751 saxa
841 705 957 750 dum
995 704 1147 766 patris
1186 704 1401 761 stabunt,
1615 717 1639 764 5

228 786 363 831 Dum
402 800 518 831 voce
558 783 765 845 supplex
801 783 1013 843 dumque
1054 786 1165 828 ture
1206 781 1419 844 placabit

227 867 457 914 Matrona
496 866 637 912 divae
678 864 816 910 dulce
853 863 1012 909 Iuliae
1053 879 1264 908 numen:

229 949 454 996 Manebit
491 948 645 994 altum
691 945 888 992 Flaviae
929 945 1072 990 decus
1113 944 1272 1005 gentis

229 1028 352 1076 Cum
387 1027 484 1074 sole
522 1032 572 1072 et
608 1026 750 1072 astris
792 1041 997 1085 cumque
1035 1024 1142 1069 luce
1179 1023 1412 1068 Romana.

226 1107 419 1154 Invicta
457 1094 693 1168 quidquid
732 1104 949 1150 condidit
988 1118 1174 1160 manus,
1218 1100 1338 1147 caeli
1376 1105 1460 1146 est.
1585 1117 1642 1146 10

846 1389 947 1435 III.
1017 1406 1030 1421 ι’

161 1537 410 1593 Quantum
444 1533 542 1579 iam
577 1530 777 1593 superis,
817 1526 1003 1584 Caesar,
1041 1528 1266 1589 caeloque
1301 1527 1480 1573 dedisti

229 1616 281 1663 Si
316 1620 502 1677 repetas
538 1617 587 1659 et
622 1611 663 1657 si
697 1610 907 1657 creditor
942 1624 1043 1654 esse
1077 1607 1211 1666 velis,

164 1694 374 1743 Grandis
408 1693 461 1739 in
496 1690 712 1737 aetherio
745 1688 859 1735 licet
893 1687 1056 1734 auctio
1089 1687 1177 1733 fiat
1213 1686 1421 1749 Olympo

230 1774 574 1836 Coganturque
608 1769 687 1816 dei
720 1768 929 1814 vendere
964 1765 1200 1828 quidquid
1235 1765 1445 1811 habent:

164 1853 488 1902 Conturbabit
521 1850 681 1907 Atlas,
719 1855 769 1894 et
802 1862 903 1894 non
937 1845 1031 1892 erit
1065 1845 1208 1891 uncia
1242 1850 1361 1901 tota,
1616 1858 1640 1904 5

228 1933 437 1981 Decidat
469 1937 631 1978 tecum
666 1945 762 1992 qua
796 1933 934 1990 pater
967 1927 1069 1989 ipse
1105 1925 1260 1972 deum.

163 2016 260 2063 Pro
296 2012 582 2076 Capitolinis
618 2010 735 2072 quid
770 2008 900 2055 enim
935 2007 1028 2054 tibi
1063 2007 1249 2053 solvere
1285 2005 1492 2066 templis,

229 2094 359 2151 Quid
393 2108 481 2155 pro
514 2090 746 2152 Tarpeiae
779 2088 964 2136 frondis
997 2088 1178 2133 honore
1213 2087 1407 2149 potest?

166 2176 295 2233 Quid
329 2191 416 2237 pro
451 2171 744 2220 culminibus
777 2168 983 2232 geminis
1016 2173 1239 2213 matrona
1272 2166 1539 2212 Tonantis?

230 2255 433 2303 Pallada
466 2257 741 2314 praetereo:
777 2266 853 2296 res
887 2249 990 2310 agit
1023 2248 1110 2293 illa
1144 2253 1265 2295 tuas.
1588 2263 1643 2292 10

166 2336 294 2395 Quid
329 2336 501 2396 loquar
533 2331 742 2378 Alciden
778 2330 1125 2390 Phoebumque
1160 2327 1359 2388 piosque
1396 2326 1643 2372 Laconas?

234 2416 421 2464 Addita
455 2412 573 2476 quid
609 2412 752 2458 Latio
788 2410 958 2455 Flavia-
992 2407 1175 2468 templa
1208 2407 1350 2467 polo?

166 2501 406 2561 Expectes
441 2501 490 2541 et
523 2493 774 2548 sustineas,
813 2492 1051 2550 Auguste,
1088 2502 1277 2533 necesse
1311 2492 1414 2532 est:

231 2581 363 2626 Nam
397 2575 491 2623 tibi
524 2573 652 2636 quod
687 2571 845 2618 solvat
877 2586 976 2616 non
1010 2568 1157 2615 habet
1191 2583 1299 2613 arca
1335 2566 1478 2614 Iovis.
