1732 2959
87 117 149 162 40
637 115 1022 163 MARTIALIS

671 333 989 378 XXXVIII.

87 439 221 495 Quae
261 445 309 486 te
351 456 493 485 causa
530 440 684 485 trahit
723 440 796 485 vel
837 456 959 501 quae
997 441 1173 486 fiducia
1211 441 1431 498 Romam,

153 519 335 566 Sexte?
378 520 494 580 quid
536 525 622 565 aut
659 535 822 580 speras
861 526 947 566 aut
987 520 1111 581 petis
1148 520 1295 566 inde‘.l
1340 521 1474 569 refer.

89 596 354 643 “Causas''
393 597 555 658 inquis
595 602 776 658 “agam
821 598 1050 644 Cicerone
1091 598 1316 644 disertior
1352 598 1456 659 ipso

152 677 321 737 Atque
362 676 455 722 erit
494 676 547 720 in
587 676 769 737 triplici
808 692 897 737 par
936 677 1058 723 mihi
1096 693 1236 723 nemo
1277 678 1419 725 for0.’'

89 754 204 815 Egit
244 755 504 801 Atestinus
544 771 712 801 causas
752 762 800 802 et
842 757 975 803 Civis
992 774 1004 814 3
1045 757 1325 819 (utrumque
1541 773 1564 820 5

154 833 365 895 Noras3)
408 834 489 879 sed
527 835 690 879 neutri
731 835 896 896 pensio
937 841 1041 881 tota
1081 835 1189 883 fuit.

92 914 188 959 “Si
225 913 349 959 nihil
386 913 499 959 hinc
538 914 716 969 veniet,
754 921 1028 976 pangentur
1065 917 1279 962 carmina
1315 917 1479 962 nobis:

153 992 399 1049 Audieris,
444 993 571 1039 dices
608 1010 709 1040 esse
748 994 967 1040 Maronis
1009 997 1171 1056 opus.⁷'

89 1072 311 1120 Insania:
353 1089 517 1119 omnes
554 1074 724 1134 gelidis
765 1075 1040 1136 quicunque
1081 1075 1284 1121 lacernis

155 1151 282 1197 Sunt
320 1152 402 1209 ibi,
443 1152 664 1198 Nasones
701 1153 1039 1215 Vergiliosque
1077 1155 1224 1202 vides,
1514 1172 1570 1202 10

93 1233 283 1278 “Atria
324 1249 498 1295 magna
535 1234 732 1280 colam.''
802 1234 906 1279 Vix
947 1239 1045 1280 tres
1083 1239 1169 1279 aut
1206 1239 1438 1294 quattuor
1477 1235 1572 1281 ista

157 1313 256 1358 Res
296 1313 434 1371 aluit,
474 1314 624 1374 pallet
665 1318 823 1360 cetera
859 1315 1005 1359 turba
1044 1315 1181 1361 fame.

92 1393 266 1449 “Quid
289 1395 488 1440 faciam?
518 1395 685 1441 suade:
712 1411 826 1441 nam
849 1401 1034 1441 certum
1060 1401 1132 1442 est
1156 1396 1318 1441 vivere
1343 1395 1571 1442 Romae.''

157 1472 209 1518 Si
245 1473 399 1518 bonus
439 1488 502 1531 es,
542 1489 653 1518 casu
691 1473 869 1530 vivere,
911 1473 1071 1528 Sexte,
1113 1478 1260 1534 potes,

718 1659 939 1705 XLVII.

224 1772 418 1834 Capena
451 1773 624 1835 grandi
662 1779 801 1835 porta
842 1790 938 1835 qua
979 1774 1105 1835 pluit
1145 1778 1287 1834 gutta

224 1853 590 1915 Phrygiumque
629 1854 806 1900 Matris
844 1855 993 1900 Almo
1032 1870 1128 1916 qua
1167 1855 1299 1901 lavat
1339 1856 1534 1912 ferrum,

223 1934 544 1980 Horatiorum
587 1951 683 1996 qua
719 1936 848 1981 viret
885 1951 1018 1981 sacer
1058 1952 1254 1997 campus

225 2014 292 2060 Et
328 2031 422 2076 qua
458 2015 626 2076 pusilli
664 2016 819 2060 fervet
857 2015 1087 2061 Herculis
1127 2017 1307 2073 fanum,

226 2095 472 2154 Faustine,
516 2096 658 2156 plena
698 2096 879 2141 Bassus
920 2097 1023 2142 ibat
1064 2096 1116 2141 in
1153 2096 1281 2153 reda,
1549 2111 1571 2157 5

228 2175 407 2221 Omnes
445 2175 573 2220 beati
615 2175 773 2236 copias
814 2176 1013 2221 trahens
1052 2175 1192 2222 ruris.

227 2253 339 2299 Illi-3
378 2253 567 2298 videres
607 2255 779 2299 frutice
817 2255 971 2300 nobili
1009 2255 1167 2300 caules

229 2335 293 2380 Et
329 2339 592 2395 utrumque
628 2350 826 2395 porrum
864 2335 1145 2396 sessilesque
1187 2335 1396 2380 lactucas

230 2414 472 2476 Pigroque
509 2415 671 2461 ventri
713 2432 810 2461 non
843 2415 1043 2461 inutiles
1081 2417 1226 2462 betas.

230 2496 339 2541 Illic
380 2511 604 2541 coronam
642 2496 902 2557 pinguibus
942 2512 1138 2556 gravem
1178 2495 1337 2541 turdis
1523 2512 1578 2541 10

231 2575 559 2636 Leporemque
599 2575 782 2620 laesum
824 2575 998 2621 Gallici
1037 2575 1168 2622 canis
1207 2576 1350 2621 dente
