1732 2959
736 117 864 163 LIB.
916 115 979 163 X.
1504 109 1593 156 137

184 232 370 280 Iustius
404 236 456 277 at
491 234 671 291 quanto
705 226 891 282 mirere,
929 222 1057 284 quod
1092 227 1233 267 exeat
1270 236 1406 273 unus„

252 308 499 353 Labantur
532 303 625 350 toti
659 318 768 348 cum
803 300 924 346 mihi
959 313 1098 358 saepe
1134 297 1245 341 dies.

185 388 301 435 Non
334 387 654 434 resalutantes
688 383 827 428 video
861 386 1127 426 nocturnus
1161 375 1349 427 amicOS‚
1569 385 1592 432 5

254 469 485 517 Gratulor
519 471 568 512 et
603 464 796 521 multis3
844 476 998 515 nemo,
1036 457 1214 514 Potite,
1252 453 1384 499 mihi.

186 550 332 596 Nunc
366 547 429 593 ad
462 544 710 591 luciferam
745 542 906 602 signat
938 554 1045 585 mea
1079 551 1269 598 gemma
1303 533 1527 588 Dianam,

250 629 395 673 Nunc
429 641 505 670 me
539 623 695 684 prima
730 622 834 679 sibi,
875 635 1005 665 nunc
1040 616 1134 663 sibi
1168 615 1340 676 quinta
1373 611 1512 672 rapit.

185 707 333 754 Nunc
368 704 532 752 consul
567 708 819 764 praetorve
854 704 990 745 tenet
1023 697 1313 755 reducesque
1348 692 1556 748 choreae,

251 784 472 831 Auditur
505 787 608 828 tota
644 796 782 841 saepe
816 784 957 840 poeta
993 777 1082 824 die.
1541 786 1598 816 10

186 864 279 912 Sed
314 880 402 910 nec
437 862 674 909 causidico
708 859 858 921 possis
892 858 1090 918 impune
1124 870 1310 916 negare,

251 943 355 990 Nec
392 943 433 989 si
466 948 516 988 te
550 943 714 987 rhetor
748 937 1149 1000 grammaticusve
1183 938 1386 995 rogent:

186 1023 372 1069 Balnea
406 1028 514 1084 post
549 1020 782 1066 decimam
818 1018 941 1063 lasso
978 1022 1266 1076 centumque
1301 1017 1536 1075 petuntur

257 1102 572 1158 Quadrantes.
646 1100 756 1146 Fiet
791 1097 996 1160 quando,
1034 1095 1212 1152 Potite,
1250 1093 1408 1139 liber?

764 1294 954 1342 LXXI.

189 1438 420 1500 Quisquis
454 1437 583 1483 laeta
615 1434 715 1480 tuis
751 1438 800 1479 et
834 1448 939 1477 sera
973 1429 1254 1492 parentibus
1291 1434 1426 1488 optas

252 1519 386 1575 Fata,
425 1518 619 1564 brevem
654 1514 854 1560 titulum
891 1510 1144 1557 marmoris
1178 1508 1322 1554 huius
1357 1524 1476 1553 ama.

187 1595 416 1644 Condidit
448 1595 538 1640 hac
573 1609 704 1639 caras
737 1590 912 1637 tellure
947 1588 1178 1634 Rabirius
1213 1587 1437 1632 umbras:

253 1675 396 1722 Nulli
431 1679 558 1720 sorte
591 1673 751 1717 iacent
785 1668 1060 1715 candidiore
1095 1682 1242 1712 senes

186 1757 274 1804 Bis
307 1771 392 1803 sex
425 1755 579 1801 lustra
611 1752 708 1798 tori
741 1767 840 1796 nox
874 1749 1005 1794 mitis
1040 1753 1089 1793 et
1122 1747 1296 1792 ultima
1330 1745 1487 1793 clusit.
1577 1758 1600 1805 5

252 1836 498 1882 Arserunt
531 1847 629 1877 uno
663 1831 834 1876 funera
868 1829 984 1874 bina
1018 1843 1143 1888 rogo.

187 1917 296 1963 Hos
329 1920 494 1961 tamen
528 1918 586 1958 ut
619 1911 789 1973 primis
823 1915 987 1970 raptos
1022 1908 1116 1954 sibi
1150 1908 1340 1969 quaerit
1371 1907 1423 1952 in
1447 1907 1598 1952 annis.

254 1992 530 2055 Improbius
564 1991 688 2037 nihil
723 1990 798 2035 his
833 1988 1026 2034 fletibus
1061 2002 1162 2033 esse
1197 1991 1366 2048 potest.

731 2193 982 2239 LXXIII.

189 2335 379 2381 Littera.
412 2333 608 2380 facundi
642 2336 835 2393 gratum
869 2329 990 2374 mihi
1023 2328 1199 2390 pignus
1233 2327 1374 2373 amici

256 2413 482 2471 Pertulit,
519 2411 769 2458 Ausoniae
805 2411 930 2455 dona
964 2408 1171 2469 superba
1206 2413 1354 2467 togae,

191 2495 298 2550 Qua
331 2509 430 2540 non
465 2491 726 2547 Fabricius,
765 2489 848 2536 sed
881 2488 1029 2534 vellet
1063 2487 1268 2548 Apicius
1302 2486 1389 2543 uti,

255 2575 423 2621 Vellet
457 2574 713 2620 Maecenas
749 2570 1065 2617 Caesarianus
1100 2583 1255 2630 eques.
