1732 2959
724 157 855 203 LIB.
904 157 996 205 XI.
1492 163 1582 209 145

308 260 455 307 Urbis
489 261 685 309 deliciae
720 264 938 325 salesque
973 265 1094 324 Nili,

303 342 398 386 Ars
432 346 481 387 et
513 343 683 402 gratia,
719 343 854 390 lusus
889 349 938 390 et
973 345 1209 406 voluptas,

301 421 510 466 Romani
545 422 688 468 decus
723 429 772 468 et
807 423 943 470 dolor
980 425 1161 472 theatri
1555 445 1578 491 5

300 499 467 559 Atque
502 515 666 545 omnes
701 501 919 548 Veneres
956 502 1315 566 Cupidinesque

303 577 408 623 Hoc
444 584 559 624 sunt
594 580 801 639 condita,
840 598 934 642 quo
970 582 1122 642 Paris,
1161 585 1389 646 sepulcro.

739 783 940 831 XXIV.

229 900 359 946 Dum
395 907 443 948 te
478 919 739 965 prosequor
774 912 823 951 et
859 907 1053 954 domum
1090 911 1278 969 reduco,

228 982 414 1027 Aurem
449 983 564 1029 dum
599 985 692 1030 tibi
726 992 916 1047 praesto
951 990 1198 1049 garrienti,

227 1061 292 1106 Et
327 1062 564 1124 quidquid
599 1064 808 1126 loqueris
843 1067 1052 1129 facisque
1087 1069 1244 1126 laudo,

227 1139 358 1195 Quot
392 1158 560 1188 versus
595 1151 834 1205 poterant,
875 1147 1091 1205 Labulle,
1132 1150 1292 1196 nasci?

228 1221 336 1267 Hoc
371 1223 599 1268 damnum
635 1225 727 1270 tibi
761 1242 860 1272 non
894 1227 1088 1274 videtur
1123 1245 1237 1287 esse,
1550 1247 1572 1293 5

225 1301 277 1346 Si
311 1303 438 1363 quod
474 1303 632 1350 Roma
665 1305 797 1366 legit,
836 1309 1041 1369 requirit
1075 1309 1261 1371 hospes,

225 1381 340 1427 Non
376 1382 562 1429 deridet
597 1400 757 1446 eques,
793 1392 929 1432 tenet
963 1394 1170 1445 senator,

226 1460 415 1506 Laudat
449 1462 730 1522 causidicus,
768 1473 910 1525 poeta
944 1468 1111 1528 carpit,

225 1540 430 1601 Propter
463 1546 513 1587 te
547 1544 707 1603 perit?
752 1544 842 1590 hoc
876 1545 1090 1604 Labulle,
1129 1564 1298 1593 verum
1334 1551 1441 1595 ests.l

225 1618 334 1664 Hoc
368 1619 623 1681 quisquam
658 1622 796 1681 ferat,
834 1628 892 1669 ut
926 1625 1020 1670 tibi
1055 1631 1254 1671 tuorum
1517 1645 1574 1674 10

223 1698 298 1744 Sit
332 1699 484 1745 maior
517 1717 748 1748 numerus
782 1704 1126 1764 togatulorum,

224 1779 482 1826 Librorum
516 1782 637 1827 mihi
670 1783 735 1828 sit
768 1784 928 1830 minor
963 1788 1212 1832 meorum2

221 1859 442 1920 Triginta
476 1878 624 1924 prope
659 1863 757 1908 iam
791 1865 960 1910 diebus
995 1882 1094 1911 una
1129 1872 1202 1912 est

225 1938 380 1985 Nobis
415 1941 591 2001 pagina
624 1943 711 1988 vix
745 1950 949 2005 peracta.
1026 1945 1104 1991 Sic
1137 1946 1206 2004 fit,

220 2021 340 2067 Cum
380 2039 548 2070 cenare
584 2023 712 2069 domi
747 2030 888 2085 poeta
922 2042 1020 2071 non
1054 2027 1169 2072 volt.
1515 2044 1566 2089 15

726 2254 929 2301 XXXI.

282 2373 467 2433 Atreus
503 2372 738 2419 Caecilius
773 2375 1135 2421 cucurbitarum

284 2451 361 2496 Sic
395 2452 503 2497 illas
537 2452 674 2513 quasi
708 2453 832 2498 filios
868 2454 1107 2515 Thyestae

283 2528 344 2574 In
380 2535 538 2589 partes
573 2531 751 2577 lacerat
786 2539 1009 2594 secatque
1043 2535 1187 2582 mille.

283 2607 442 2652 Gustu
475 2610 696 2669 protinus
730 2610 815 2656 has
851 2611 961 2657 edes
995 2612 1048 2657 in
1082 2613 1200 2673 ipso,
