1732 2959
57 98 148 145 140
606 96 992 143 MARTIALIS

249 207 400 253 Absit
434 223 595 254 cereus
631 207 755 253 aridi
789 208 991 266 clientis,

251 287 318 333 Et
352 287 467 332 vani
503 287 714 347 triplices
750 287 1012 347 brevesque
1047 302 1250 348 mappae

258 366 533 427 Expectent
567 366 713 426 gelidi
748 366 875 411 iocos
911 365 1202 411 Decembris.

256 447 455 493 Certent
489 446 770 492 muneribus
803 445 1053 492 beatiores.

253 526 502 588 Agrippae
536 525 753 570 tumidus
788 526 1059 586 negotiator

253 605 424 652 Cadmi
458 605 723 666 municipes
757 604 885 650 ferat
919 605 1135 651 lacernas
1151 622 1164 664 3

253 685 535 744 Pugnorum
571 700 681 730 reus
716 685 971 746 ebriaeque
1006 685 1160 730 noctis

253 764 512 811 Cenatoria
547 763 714 809 mittat
747 764 1010 824 advocato3

255 846 500 891 Infamata
536 845 695 890 virum
735 845 894 906 puella
929 845 1080 891 vicit?

251 926 409 971 Veros
443 925 780 986 sardonychas,
819 925 902 971 sed
938 926 1040 986 ipsa
1075 926 1269 985 tradat3

253 1004 464 1050 Mirator
497 1008 718 1049 veterum
754 1019 902 1049 senex
937 1020 1138 1050 avorum

252 1085 417 1132 Donet
452 1084 673 1131 Phidiaci
707 1090 928 1130 toreuma
963 1084 1094 1140 caeli,

252 1165 475 1212 Venator
507 1164 731 1225 leporem,
770 1164 965 1210 colonus
999 1163 1220 1221 haedum,

253 1246 473 1292 Piscator
506 1245 632 1290 ferat
667 1260 927 1305 aequorum
964 1245 1169 1305 rapinas.

255 1327 307 1374 Si
341 1327 498 1373 mittit
534 1343 620 1372 sua
654 1326 870 1387 quisque,
909 1326 1026 1387 quid
1060 1331 1253 1386 poetam

255 1408 525 1454 Missurum
560 1406 665 1464 tibi,
704 1407 967 1460 Restitute‚
1004 1406 1190 1452 credis?

608 1568 970 1616 LXXXVIII.

123 1677 302 1724 Omnes
339 1677 637 1739 persequeris
672 1682 962 1738 praetorum,
1003 1676 1159 1734 Cotta,
1198 1675 1385 1722 libellos

189 1757 388 1818 Accipis
424 1762 472 1803 et
508 1773 649 1803 ceras.
723 1756 974 1802 Officiosus
1010 1756 1151 1801 homo
1187 1771 1245 1801 es,

718 1904 883 1950 XCII.

190 2013 322 2059 Mari
357 2012 550 2074 quietae
585 2011 742 2058 cultor
776 2018 825 2057 et
861 2027 1015 2057 comes
1050 2011 1193 2068 vitae,

188 2093 296 2149 Quo
331 2092 431 2138 sive
465 2091 622 2153 prisca
656 2091 892 2152 gloriatur
926 2091 1095 2150 Atina,

188 2171 296 2218 Has
332 2172 424 2217 tibi
457 2172 682 2233 gemellas
717 2171 910 2216 barbari
945 2171 1089 2216 decus
1123 2171 1219 2216 luci

191 2251 485 2300 Commendo
522 2251 663 2312 pinus
699 2251 925 2312 ilicesque
962 2251 1238 2296 Faunorum

189 2334 253 2379 Et
288 2332 535 2379 semidocti
570 2331 702 2377 vilici
736 2348 883 2377 manu
918 2336 1125 2378 structas

187 2412 423 2460 Tonantis
461 2428 567 2458 aras
601 2412 880 2474 horridique
915 2412 1115 2471 Silvani,

187 2492 318 2548 Quas
353 2492 516 2553 pinxit
549 2492 658 2552 agni
697 2507 836 2553 saepe
871 2493 1064 2554 sanguis
1099 2498 1184 2539 aut
1217 2493 1372 2550 haedi,

187 2572 542 2632 Dominamque
576 2571 730 2617 sancti
766 2572 1002 2633 virginem
1039 2572 1176 2617 deam
1212 2571 1393 2633 templi,

1482 621 1538 650 10

1481 1422 1538 1451 20
