<?xml version="1.0" encoding="UTF-8"?>
<!DOCTYPE html PUBLIC "-//W3C//DTD XHTML 1.0 Transitional//EN"
    "http://www.w3.org/TR/xhtml1/DTD/xhtml1-transitional.dtd">
<html xmlns="http://www.w3.org/1999/xhtml" xml:lang="en" lang="en">
 <head>
  <title>
</title>
<meta http-equiv="Content-Type" content="text/html;charset=utf-8" />
  <meta name='ocr-system' content='tesseract 3.04.00' />
  <meta name='ocr-capabilities' content='ocr_page ocr_carea ocr_par ocr_line ocrx_word'/>
</head>
<body>
  <div class='ocr_page' id='page_1' title='image "./selectepigramsfr00martrich/selectepigramsfr00martrich_0145.png"; bbox 0 0 1732 2959; ppageno 0'>
   <div class='ocr_carea' id='block_1_1' title="bbox 236 437 1370 514">
    <p class='ocr_par' dir='ltr' id='par_1_1' title="bbox 236 437 1370 514">
     <span class='ocr_line' id='line_1_1' title="bbox 236 437 1370 514; baseline -0.039 -4"><span class='ocrx_word' id='word_1_1' title='bbox 236 463 599 514; x_wconf 69' lang='lat' dir='ltr'>Absentemque</span> <span class='ocrx_word' id='word_1_2' title='bbox 633 445 764 510; x_wconf 85' lang='lat' dir='ltr'>patri</span> <span class='ocrx_word' id='word_1_3' title='bbox 796 437 992 488; x_wconf 87' lang='lat' dir='ltr'>rettulit</span> <span class='ocrx_word' id='word_1_4' title='bbox 1025 447 1152 479; x_wconf 87' lang='lat' dir='ltr'>urna</span> <span class='ocrx_word' id='word_1_5' title='bbox 1184 439 1370 487; x_wconf 84' lang='lat' dir='ltr'>rogum.</span> 
     </span>
    </p>
   </div>
   <div class='ocr_carea' id='block_1_2' title="bbox 174 507 1437 592">
    <p class='ocr_par' dir='ltr' id='par_1_2' title="bbox 174 507 1437 592">
     <span class='ocr_line' id='line_1_2' title="bbox 174 507 1437 592; baseline -0.039 0"><span class='ocrx_word' id='word_1_6' title='bbox 174 543 267 592; x_wconf 78' lang='lat' dir='ltr'>Sed</span> <span class='ocrx_word' id='word_1_7' title='bbox 302 555 364 587; x_wconf 93' lang='lat' dir='ltr'>ne</span> <span class='ocrx_word' id='word_1_8' title='bbox 398 536 500 583; x_wconf 87' lang='lat' dir='ltr'>sola</span> <span class='ocrx_word' id='word_1_9' title='bbox 532 538 699 577; x_wconf 82' lang='lat' dir='ltr'>tamen</span> <span class='ocrx_word' id='word_1_10' title='bbox 731 535 937 585; x_wconf 84' lang='lat' dir='ltr'>puerum</span> <span class='ocrx_word' id='word_1_11' title='bbox 971 516 1161 577; x_wconf 86' lang='lat' dir='ltr'>pictura</span> <span class='ocrx_word' id='word_1_12' title='bbox 1194 507 1437 565; x_wconf 82' lang='lat' dir='ltr'>loquatur,</span> 
     </span>
    </p>
   </div>
   <div class='ocr_carea' id='block_1_3' title="bbox 243 582 1591 668">
    <p class='ocr_par' dir='ltr' id='par_1_3' title="bbox 243 582 1591 668">
     <span class='ocr_line' id='line_1_3' title="bbox 243 582 1591 668; baseline -0.038 0"><span class='ocrx_word' id='word_1_13' title='bbox 243 622 381 668; x_wconf 91' lang='lat' dir='ltr'>Haec</span> <span class='ocrx_word' id='word_1_14' title='bbox 416 615 509 661; x_wconf 88' lang='lat' dir='ltr'>erit</span> <span class='ocrx_word' id='word_1_15' title='bbox 541 611 595 656; x_wconf 88' lang='lat' dir='ltr'>in</span> <span class='ocrx_word' id='word_1_16' title='bbox 630 603 809 653; x_wconf 84' lang='lat' dir='ltr'>chartis</span> <span class='ocrx_word' id='word_1_17' title='bbox 845 597 996 644; x_wconf 87' lang='lat' dir='ltr'>maior</span> <span class='ocrx_word' id='word_1_18' title='bbox 1029 594 1189 649; x_wconf 81' lang='lat' dir='ltr'>imago</span> <span class='ocrx_word' id='word_1_19' title='bbox 1225 582 1356 630; x_wconf 82' lang='lat' dir='ltr'>meis.</span> <span class='ocrx_word' id='word_1_20' title='bbox 1537 588 1591 619; x_wconf 87' lang='lat' dir='ltr'>1c</span> 
     </span>
    </p>
   </div>
   <div class='ocr_carea' id='block_1_4' title="bbox 191 817 1541 1035">
    <p class='ocr_par' dir='ltr' id='par_1_4' title="bbox 191 817 1541 1035">
     <span class='ocr_line' id='line_1_4' title="bbox 730 817 983 869; baseline -0.028 0"><span class='ocrx_word' id='word_1_21' title='bbox 730 817 983 869; x_wconf 88' lang='lat' dir='ltr'>LXXXI.</span> 
     </span>
     <span class='ocr_line' id='line_1_5' title="bbox 191 945 1541 1035; baseline -0.035 0"><span class='ocrx_word' id='word_1_22' title='bbox 191 989 364 1035; x_wconf 89' lang='lat' dir='ltr'>Lector</span> <span class='ocrx_word' id='word_1_23' title='bbox 399 987 448 1028; x_wconf 88' lang='lat' dir='ltr'>et</span> <span class='ocrx_word' id='word_1_24' title='bbox 482 977 674 1025; x_wconf 82' lang='lat' dir='ltr'>auditor</span> <span class='ocrx_word' id='word_1_25' title='bbox 709 975 900 1017; x_wconf 88' lang='lat' dir='ltr'>nostros</span> <span class='ocrx_word' id='word_1_26' title='bbox 933 963 1121 1027; x_wconf 86' lang='lat' dir='ltr'>probat,</span> <span class='ocrx_word' id='word_1_27' title='bbox 1157 954 1301 1010; x_wconf 84' lang='lat' dir='ltr'>Aule,</span> <span class='ocrx_word' id='word_1_28' title='bbox 1339 945 1541 1001; x_wconf 88' lang='lat' dir='ltr'>libellos,</span> 
     </span>
    </p>
   </div>
   <div class='ocr_carea' id='block_1_5' title="bbox 261 1036 1315 1123">
    <p class='ocr_par' dir='ltr' id='par_1_5' title="bbox 261 1036 1315 1123">
     <span class='ocr_line' id='line_1_6' title="bbox 261 1036 1315 1123; baseline -0.034 -11"><span class='ocrx_word' id='word_1_29' title='bbox 261 1065 353 1112; x_wconf 80' lang='lat' dir='ltr'>Sed</span> <span class='ocrx_word' id='word_1_30' title='bbox 389 1060 582 1123; x_wconf 85' lang='lat' dir='ltr'>quidam</span> <span class='ocrx_word' id='word_1_31' title='bbox 619 1057 814 1099; x_wconf 69' lang='lat' dir='ltr'>exactos</span> <span class='ocrx_word' id='word_1_32' title='bbox 850 1061 950 1093; x_wconf 84' lang='lat' dir='ltr'>esse</span> <span class='ocrx_word' id='word_1_33' title='bbox 984 1044 1127 1104; x_wconf 84' lang='lat' dir='ltr'>poeta</span> <span class='ocrx_word' id='word_1_34' title='bbox 1159 1036 1315 1094; x_wconf 85' lang='lat' dir='ltr'>negat.</span> 
     </span>
    </p>
   </div>
   <div class='ocr_carea' id='block_1_6' title="bbox 197 1111 1515 1193">
    <p class='ocr_par' dir='ltr' id='par_1_6' title="bbox 197 1111 1515 1193">
     <span class='ocr_line' id='line_1_7' title="bbox 197 1111 1515 1193; baseline -0.036 1"><span class='ocrx_word' id='word_1_35' title='bbox 197 1146 314 1193; x_wconf 86' lang='lat' dir='ltr'>Non</span> <span class='ocrx_word' id='word_1_36' title='bbox 347 1140 554 1188; x_wconf 61' lang='lat' dir='ltr'>nimium</span> <span class='ocrx_word' id='word_1_37' title='bbox 589 1148 731 1180; x_wconf 87' lang='lat' dir='ltr'>curo:</span> <span class='ocrx_word' id='word_1_38' title='bbox 779 1142 893 1173; x_wconf 90' lang='lat' dir='ltr'>nam</span> <span class='ocrx_word' id='word_1_39' title='bbox 928 1135 1072 1169; x_wconf 86' lang='lat' dir='ltr'>cenae</span> <span class='ocrx_word' id='word_1_40' title='bbox 1106 1112 1287 1163; x_wconf 83' lang='lat' dir='ltr'>fercula</span> <span class='ocrx_word' id='word_1_41' title='bbox 1320 1111 1515 1153; x_wconf 84' lang='lat' dir='ltr'>nostrae</span> 
     </span>
    </p>
   </div>
   <div class='ocr_carea' id='block_1_7' title="bbox 268 1191 1310 1271">
    <p class='ocr_par' dir='ltr' id='par_1_7' title="bbox 268 1191 1310 1271">
     <span class='ocr_line' id='line_1_8' title="bbox 268 1191 1310 1271; baseline -0.035 -1"><span class='ocrx_word' id='word_1_42' title='bbox 268 1222 439 1270; x_wconf 78' lang='lat' dir='ltr'>Malim</span> <span class='ocrx_word' id='word_1_43' title='bbox 476 1213 692 1264; x_wconf 83' lang='lat' dir='ltr'>convivis</span> <span class='ocrx_word' id='word_1_44' title='bbox 728 1223 873 1271; x_wconf 88' lang='lat' dir='ltr'>quam</span> <span class='ocrx_word' id='word_1_45' title='bbox 907 1199 1141 1264; x_wconf 77' lang='lat' dir='ltr'>placuisse</span> <span class='ocrx_word' id='word_1_46' title='bbox 1176 1191 1310 1239; x_wconf 84' lang='lat' dir='ltr'>cocis.</span> 
     </span>
    </p>
   </div>
   <div class='ocr_carea' id='block_1_8' title="bbox 738 1404 1048 1459">
    <p class='ocr_par' dir='ltr' id='par_1_8' title="bbox 738 1404 1048 1459">
     <span class='ocr_line' id='line_1_9' title="bbox 738 1404 1048 1459; baseline -0.039 1"><span class='ocrx_word' id='word_1_47' title='bbox 738 1404 1048 1459; x_wconf 88' lang='lat' dir='ltr'>LXXXIII.</span> 
     </span>
    </p>
   </div>
   <div class='ocr_carea' id='block_1_9' title="bbox 282 1530 1510 1612">
    <p class='ocr_par' dir='ltr' id='par_1_9' title="bbox 282 1530 1510 1612">
     <span class='ocr_line' id='line_1_10' title="bbox 282 1530 1510 1612; baseline -0.037 1"><span class='ocrx_word' id='word_1_48' title='bbox 282 1567 423 1612; x_wconf 88' lang='lat' dir='ltr'>Inter</span> <span class='ocrx_word' id='word_1_49' title='bbox 455 1562 595 1606; x_wconf 84' lang='lat' dir='ltr'>tanta</span> <span class='ocrx_word' id='word_1_50' title='bbox 628 1559 743 1599; x_wconf 90' lang='lat' dir='ltr'>tuae</span> <span class='ocrx_word' id='word_1_51' title='bbox 776 1541 1021 1598; x_wconf 85' lang='lat' dir='ltr'>miracula,</span> <span class='ocrx_word' id='word_1_52' title='bbox 1060 1537 1248 1588; x_wconf 81' lang='lat' dir='ltr'>Caesar,</span> <span class='ocrx_word' id='word_1_53' title='bbox 1285 1530 1510 1577; x_wconf 80' lang='lat' dir='ltr'>harenae,</span> 
     </span>
    </p>
   </div>
   <div class='ocr_carea' id='block_1_10' title="bbox 291 1607 1577 1855">
    <p class='ocr_par' dir='ltr' id='par_1_10' title="bbox 291 1607 1577 1855">
     <span class='ocr_line' id='line_1_11' title="bbox 353 1607 1553 1699; baseline -0.037 -10"><span class='ocrx_word' id='word_1_54' title='bbox 353 1643 486 1699; x_wconf 82' lang='lat' dir='ltr'>Quae</span> <span class='ocrx_word' id='word_1_55' title='bbox 521 1633 674 1681; x_wconf 86' lang='lat' dir='ltr'>vincit</span> <span class='ocrx_word' id='word_1_56' title='bbox 708 1633 927 1673; x_wconf 86' lang='lat' dir='ltr'>veterum</span> <span class='ocrx_word' id='word_1_57' title='bbox 963 1631 1166 1666; x_wconf 86' lang='lat' dir='ltr'>munera</span> <span class='ocrx_word' id='word_1_58' title='bbox 1202 1612 1330 1657; x_wconf 88' lang='lat' dir='ltr'>clara</span> <span class='ocrx_word' id='word_1_59' title='bbox 1363 1607 1553 1657; x_wconf 87' lang='lat' dir='ltr'>ducum,</span> 
     </span>
     <span class='ocr_line' id='line_1_12' title="bbox 291 1686 1577 1772; baseline -0.037 0"><span class='ocrx_word' id='word_1_60' title='bbox 291 1723 510 1772; x_wconf 80' lang='lat' dir='ltr'>Multum</span> <span class='ocrx_word' id='word_1_61' title='bbox 546 1712 686 1768; x_wconf 83' lang='lat' dir='ltr'>oculi,</span> <span class='ocrx_word' id='word_1_62' title='bbox 725 1707 805 1754; x_wconf 81' lang='lat' dir='ltr'>sed</span> <span class='ocrx_word' id='word_1_63' title='bbox 839 1704 948 1766; x_wconf 90' lang='lat' dir='ltr'>plus</span> <span class='ocrx_word' id='word_1_64' title='bbox 983 1712 1121 1745; x_wconf 85' lang='lat' dir='ltr'>aures</span> <span class='ocrx_word' id='word_1_65' title='bbox 1156 1693 1326 1738; x_wconf 85' lang='lat' dir='ltr'>debere</span> <span class='ocrx_word' id='word_1_66' title='bbox 1359 1686 1577 1732; x_wconf 86' lang='lat' dir='ltr'>fatentur</span> 
     </span>
     <span class='ocr_line' id='line_1_13' title="bbox 359 1765 1538 1855; baseline -0.036 -6"><span class='ocrx_word' id='word_1_67' title='bbox 359 1803 420 1848; x_wconf 83' lang='lat' dir='ltr'>Se</span> <span class='ocrx_word' id='word_1_68' title='bbox 454 1797 562 1853; x_wconf 84' lang='lat' dir='ltr'>tibi,</span> <span class='ocrx_word' id='word_1_69' title='bbox 600 1791 728 1855; x_wconf 84' lang='lat' dir='ltr'>quod</span> <span class='ocrx_word' id='word_1_70' title='bbox 763 1787 980 1848; x_wconf 86' lang='lat' dir='ltr'>spectant</span> <span class='ocrx_word' id='word_1_71' title='bbox 1016 1777 1102 1839; x_wconf 89' lang='lat' dir='ltr'>qui</span> <span class='ocrx_word' id='word_1_72' title='bbox 1134 1772 1337 1820; x_wconf 86' lang='lat' dir='ltr'>recitare</span> <span class='ocrx_word' id='word_1_73' title='bbox 1372 1765 1538 1812; x_wconf 82' lang='lat' dir='ltr'>solent.</span> 
     </span>
    </p>
   </div>
   <div class='ocr_carea' id='block_1_11' title="bbox 767 2001 1071 2056">
    <p class='ocr_par' dir='ltr' id='par_1_11' title="bbox 767 2001 1071 2056">
     <span class='ocr_line' id='line_1_14' title="bbox 767 2001 1071 2056; baseline -0.03 0"><span class='ocrx_word' id='word_1_74' title='bbox 767 2001 1071 2056; x_wconf 85' lang='lat' dir='ltr'>LXXXIV.</span> 
     </span>
    </p>
   </div>
   <div class='ocr_carea' id='block_1_12' title="bbox 311 2138 1557 2615">
    <p class='ocr_par' dir='ltr' id='par_1_12' title="bbox 311 2138 1557 2305">
     <span class='ocr_line' id='line_1_15' title="bbox 311 2138 1557 2220; baseline -0.034 -1"><span class='ocrx_word' id='word_1_75' title='bbox 311 2173 436 2220; x_wconf 84' lang='lat' dir='ltr'>Cum</span> <span class='ocrx_word' id='word_1_76' title='bbox 468 2173 556 2214; x_wconf 90' lang='lat' dir='ltr'>tua</span> <span class='ocrx_word' id='word_1_77' title='bbox 590 2159 842 2218; x_wconf 86' lang='lat' dir='ltr'>sacrilegos</span> <span class='ocrx_word' id='word_1_78' title='bbox 877 2156 1055 2207; x_wconf 85' lang='lat' dir='ltr'>contra,</span> <span class='ocrx_word' id='word_1_79' title='bbox 1093 2144 1336 2196; x_wconf 86' lang='lat' dir='ltr'>Norbane,</span> <span class='ocrx_word' id='word_1_80' title='bbox 1373 2138 1557 2182; x_wconf 84' lang='lat' dir='ltr'>furores</span> 
     </span>
     <span class='ocr_line' id='line_1_16' title="bbox 381 2217 1495 2305; baseline -0.034 -8"><span class='ocrx_word' id='word_1_81' title='bbox 381 2251 544 2297; x_wconf 82' lang='lat' dir='ltr'>Staret</span> <span class='ocrx_word' id='word_1_82' title='bbox 577 2258 663 2305; x_wconf 85' lang='lat' dir='ltr'>pro</span> <span class='ocrx_word' id='word_1_83' title='bbox 698 2236 892 2284; x_wconf 83' lang='lat' dir='ltr'>domino</span> <span class='ocrx_word' id='word_1_84' title='bbox 929 2231 1132 2278; x_wconf 82' lang='lat' dir='ltr'>Caesare</span> <span class='ocrx_word' id='word_1_85' title='bbox 1167 2226 1331 2270; x_wconf 89' lang='lat' dir='ltr'>sancta</span> <span class='ocrx_word' id='word_1_86' title='bbox 1364 2217 1495 2272; x_wconf 79' lang='lat' dir='ltr'>fides,</span> 
     </span>
    </p>

    <p class='ocr_par' dir='ltr' id='par_1_13' title="bbox 317 2298 1515 2457">
     <span class='ocr_line' id='line_1_17' title="bbox 317 2298 1515 2387; baseline -0.033 -9"><span class='ocrx_word' id='word_1_87' title='bbox 317 2332 456 2379; x_wconf 87' lang='lat' dir='ltr'>Haec</span> <span class='ocrx_word' id='word_1_88' title='bbox 490 2342 576 2387; x_wconf 86' lang='lat' dir='ltr'>ego</span> <span class='ocrx_word' id='word_1_89' title='bbox 614 2318 778 2368; x_wconf 87' lang='lat' dir='ltr'>Pieria</span> <span class='ocrx_word' id='word_1_90' title='bbox 808 2313 1034 2361; x_wconf 85' lang='lat' dir='ltr'>ludebam</span> <span class='ocrx_word' id='word_1_91' title='bbox 1070 2311 1209 2353; x_wconf 88' lang='lat' dir='ltr'>tutus</span> <span class='ocrx_word' id='word_1_92' title='bbox 1242 2303 1296 2349; x_wconf 87' lang='lat' dir='ltr'>in</span> <span class='ocrx_word' id='word_1_93' title='bbox 1330 2298 1515 2350; x_wconf 87' lang='lat' dir='ltr'>umbra,</span> 
     </span>
     <span class='ocr_line' id='line_1_18' title="bbox 387 2386 1287 2457; baseline -0.032 0"><span class='ocrx_word' id='word_1_94' title='bbox 387 2410 481 2457; x_wconf 91' lang='lat' dir='ltr'>Ille</span> <span class='ocrx_word' id='word_1_95' title='bbox 515 2414 629 2452; x_wconf 88' lang='lat' dir='ltr'>tuae</span> <span class='ocrx_word' id='word_1_96' title='bbox 663 2400 820 2448; x_wconf 84' lang='lat' dir='ltr'>cultor</span> <span class='ocrx_word' id='word_1_97' title='bbox 853 2398 1000 2441; x_wconf 88' lang='lat' dir='ltr'>notus</span> <span class='ocrx_word' id='word_1_98' title='bbox 1035 2386 1287 2435; x_wconf 86' lang='lat' dir='ltr'>amicitiae.</span> 
     </span>
    </p>

    <p class='ocr_par' dir='ltr' id='par_1_14' title="bbox 326 2454 1554 2615">
     <span class='ocr_line' id='line_1_19' title="bbox 326 2454 1554 2538; baseline -0.033 1"><span class='ocrx_word' id='word_1_99' title='bbox 326 2492 410 2538; x_wconf 86' lang='lat' dir='ltr'>Me</span> <span class='ocrx_word' id='word_1_100' title='bbox 444 2488 538 2535; x_wconf 83' lang='lat' dir='ltr'>tibi</span> <span class='ocrx_word' id='word_1_101' title='bbox 569 2479 840 2530; x_wconf 82' lang='lat' dir='ltr'>Vindelicis</span> <span class='ocrx_word' id='word_1_102' title='bbox 875 2476 1062 2520; x_wconf 81' lang='lat' dir='ltr'>Raetus</span> <span class='ocrx_word' id='word_1_103' title='bbox 1095 2466 1326 2515; x_wconf 88' lang='lat' dir='ltr'>narrabat</span> <span class='ocrx_word' id='word_1_104' title='bbox 1359 2460 1412 2504; x_wconf 85' lang='lat' dir='ltr'>in</span> <span class='ocrx_word' id='word_1_105' title='bbox 1447 2454 1554 2507; x_wconf 77' lang='lat' dir='ltr'>oriS,</span> 
     </span>
     <span class='ocr_line' id='line_1_20' title="bbox 396 2540 1474 2615; baseline -0.032 1"><span class='ocrx_word' id='word_1_106' title='bbox 396 2566 573 2615; x_wconf 82' lang='lat' dir='ltr'>Nescia</span> <span class='ocrx_word' id='word_1_107' title='bbox 607 2579 694 2610; x_wconf 91' lang='lat' dir='ltr'>nec</span> <span class='ocrx_word' id='word_1_108' title='bbox 727 2557 879 2606; x_wconf 79' lang='lat' dir='ltr'>nostri</span> <span class='ocrx_word' id='word_1_109' title='bbox 910 2549 1120 2599; x_wconf 86' lang='lat' dir='ltr'>nominis</span> <span class='ocrx_word' id='word_1_110' title='bbox 1151 2547 1330 2593; x_wconf 87' lang='lat' dir='ltr'>Arctos</span> <span class='ocrx_word' id='word_1_111' title='bbox 1360 2540 1474 2584; x_wconf 88' lang='lat' dir='ltr'>erat.</span> 
     </span>
    </p>
   </div>
   <div class='ocr_carea' id='block_1_13' title="bbox 1646 2462 1670 2511">
    <p class='ocr_par' dir='ltr' id='par_1_15' title="bbox 1646 2462 1670 2511">
     <span class='ocr_line' id='line_1_21' title="bbox 1646 2462 1670 2511; baseline 0 0"><span class='ocrx_word' id='word_1_112' title='bbox 1646 2462 1670 2511; x_wconf 92' lang='lat'><strong>5</strong></span> 
     </span>
    </p>
   </div>
  </div>
 </body>
</html>
