1732 2959
655 88 665 127 ἓ
711 87 841 135 LIB.
890 88 1018 136 XII.
1511 89 1602 135 153

129 194 225 240 Vel
259 194 301 240 si
334 194 573 253 malueris,
609 196 765 256 prima
798 195 1015 256 gradiere
1050 194 1239 241 Subura
1266 213 1274 241 z

192 275 339 320 Atria
373 280 489 320 sunt
522 275 657 321 illinc
692 275 900 320 consulis
934 275 1036 320 alta
1069 274 1177 319 mei.
1548 290 1603 319 10

127 355 414 416 Laurigeros
447 354 638 400 habitat
671 354 907 400 facundus
943 354 1093 400 Stella
1127 359 1338 414 penates,

193 431 362 478 Clarus
397 432 630 478 Iantheae
666 432 815 478 Stella
850 433 1010 478 sititor
1045 448 1207 493 aquae.

127 511 254 558 Fons
288 512 357 557 ibi
393 512 630 558 Castalius
664 512 820 558 vitreo
855 517 1069 558 torrente
1105 511 1350 572 superbus,

192 588 340 634 Unde
374 605 545 636 novem
581 590 796 636 dominas
831 606 971 652 saepe
1005 591 1181 636 bibisse
1215 590 1390 635 ferunt.

126 669 219 714 Ille
254 669 389 715 dabit
421 670 597 731 populo
632 670 946 731 patribusque
981 670 1228 731 equitique
1263 668 1602 730 legendum,15

191 747 241 792 N
246 763 298 792 ec
333 747 541 792 nimium
576 749 712 794 siccis
747 749 959 810 perleget
993 750 1093 810 ipse
1127 749 1274 811 genis.

126 827 257 883 Quid
290 827 493 873 titulum
529 828 707 889 poscis?
754 844 920 874 versus
954 829 1050 874 duo
1083 835 1244 874 tresve
1278 828 1513 889 legantur,

193 906 487 952 Clamabunt
523 923 688 953 omnes
722 911 786 965 te,
824 907 960 963 liber,
997 923 1098 953 esse
1131 923 1305 954 meum.

822 1056 914 1104 VI.

127 1165 346 1226 Contigit
379 1160 627 1210 Ausoniae
661 1179 910 1225 procerum
945 1163 1231 1209 mltissimus
1265 1161 1402 1207 aulae

191 1245 358 1290 Nerva
376 1261 389 1302 ;
434 1244 547 1289 licet
581 1249 688 1289 toto
724 1259 854 1289 nunc
892 1243 1128 1288 Helicone
1169 1242 1282 1288 frui.

126 1321 280 1367 Recta
313 1320 471 1377 Fides,
507 1319 673 1365 hilaris
710 1318 989 1375 Clementia,
1027 1324 1167 1364 cauta
1203 1317 1424 1363 Potestas

191 1399 299 1444 Iam
332 1399 564 1445 redeunt:
612 1398 744 1459 longi
778 1404 915 1460 terga
950 1397 1124 1444 dedere
1159 1397 1339 1445 Metus

127 1479 236 1524 Hoc
270 1479 436 1540 populi
470 1485 731 1540 gentesque
765 1483 892 1535 tuae,
930 1477 1011 1539 pia
1046 1477 1217 1535 Roma,
1255 1482 1546 1539 precantur:
1580 1490 1603 1538 5

192 1564 311 1609 Dux
344 1564 437 1609 tibi
471 1563 536 1609 sit
570 1579 755 1624 semper
788 1563 916 1620 talis,
953 1569 1001 1608 et
1035 1563 1127 1608 iste
1163 1563 1260 1609 diu.

127 1643 289 1689 Macte
322 1644 489 1701 animi,
528 1660 670 1705 quem
706 1660 843 1689 rarus
877 1644 1038 1701 habes,
1075 1658 1362 1703 morumque
1397 1647 1606 1698 tuorum,

191 1723 321 1779 Quos
356 1722 535 1782 Numa,
574 1740 692 1785 quos
726 1723 895 1770 hilaris
928 1728 1090 1785 posset
1124 1723 1301 1769 habere
1337 1722 1470 1770 Cato,

127 1802 332 1864 Largiri,
369 1809 625 1864 praestare,
663 1804 833 1850 breves
867 1804 1127 1850 extendere
1162 1819 1330 1849 census

193 1885 260 1930 Et
293 1884 407 1930 dare
442 1900 564 1944 quae
598 1883 762 1929 faciles
797 1884 883 1929 vix
917 1884 1133 1929 tribuere
1169 1884 1257 1943 dei,
1553 1901 1608 1931 10

126 1962 274 2009 Nunc
307 1962 420 2008 licet
454 1967 503 2008 et
535 1963 606 2008 fas
642 1968 725 2009 est.
799 1963 891 2009 Sed
926 1969 982 2009 tu
1017 1963 1104 2009 sub
1139 1963 1355 2024 principe
1391 1962 1511 2009 duro

192 2042 601 2104 Temporibusque
634 2043 775 2089 malis
809 2059 954 2090 ausus
989 2060 1039 2089 es
1072 2059 1174 2090 esse
1208 2044 1373 2090 bonus.

820 2191 914 2238 IX.

196 2295 368 2341 Palma
401 2297 526 2357 regit
560 2301 762 2353 nostros,
801 2296 1053 2343 mitissime
1090 2297 1276 2356 Caesar,
1316 2298 1541 2353 HiberOS‚

261 2375 328 2421 Et
360 2375 549 2437 placido
584 2376 766 2422 fruitur
799 2393 896 2438 pax
930 2377 1184 2438 peregrina
1220 2378 1342 2439 iugo.

195 2455 325 2516 Ergo
361 2456 548 2518 agimus
582 2456 701 2503 laeti
734 2462 874 2503 tanto
907 2474 995 2519 pro
1029 2473 1229 2503 munere
1265 2461 1454 2519 grate83

261 2534 444 2581 Misisti
477 2551 633 2582 mores
666 2536 720 2581 in
754 2536 855 2582 loca
890 2542 1054 2582 nostra
1087 2542 1211 2584 tuos.
