1732 2959
147 120 208 165 74
693 117 959 163 MARTIA
968 116 1082 163 LIS

212 227 479 272 Damnavit
513 227 668 272 multo
703 231 945 271 staturum
979 224 1212 285 sanguine
1248 224 1461 270 Martem

279 308 347 353 Et
380 308 504 354 fodit
539 313 669 354 certa
702 312 895 367 pectora
928 311 1033 351 tota
1066 322 1225 351 manu.

213 390 288 436 Sit
324 389 459 447 Cato,
496 389 612 435 dum
647 388 786 445 vivit,
827 402 938 432 sane
972 387 1051 432 vel
1087 386 1289 432 Caesare
1324 384 1502 431 maior:
1597 400 1620 446 5

280 469 414 515 Dum
448 469 667 524 moritur,
705 467 944 527 numquid
978 466 1132 511 maior
1168 464 1360 510 Othone
1394 463 1525 511 fuitCl

777 643 1006 689 XXXV.

217 769 410 830 Septem
446 766 720 828 clepsydra-s
755 779 931 824 magna
965 761 1058 808 tibi
1093 777 1208 807 voce
1243 762 1431 823 petenti

280 849 486 895 Arbiter
520 846 721 903 invitus,
760 843 1044 901 Caeciliane,
1083 842 1230 889 dedit.

219 930 292 974 At
326 933 383 973 tu
419 925 574 972 multa
609 925 694 970 diu
729 923 863 968 ducis
898 922 1165 982 vitreisque
1199 925 1445 982 tepentem

287 1005 537 1068 Ampullis
572 1009 711 1066 potas
746 1002 1068 1063 semisupinus
1101 1017 1288 1062 aquam.

216 1087 292 1135 Ut
327 1087 523 1132 tandem
560 1085 706 1131 saties
740 1099 1002 1144 vocemque
1038 1082 1266 1142 sitimque
1301 1097 1539 1142 rogamus,
1604 1099 1626 1143 5

284 1167 391 1212 Iam
427 1166 486 1212 de
522 1163 785 1226 clepsydra,
827 1162 1110 1219 Caeciliane,
1147 1161 1298 1206 bibas.

804 1338 969 1385 XLII.

288 1469 483 1515 Etrusci
518 1469 612 1514 nisi
647 1467 904 1513 thermulis
938 1467 1129 1524 lavaris,

286 1551 463 1596 Illotus
498 1549 731 1605 morieris,
772 1548 1002 1610 Oppiane.

290 1629 472 1676 Nullae
507 1631 574 1675 sic
609 1628 705 1674 tibi
738 1627 1051 1673 blandientur
1087 1626 1255 1684 undae,

289 1710 394 1755 Nec
429 1709 588 1755 fontes
623 1709 792 1770 Aponi
826 1709 969 1754 rudes
1004 1707 1192 1768 puellis,

287 1790 403 1837 Non
437 1789 598 1835 mollis
634 1788 861 1835 Sinuessa
895 1787 1167 1847 fervidique
1606 1798 1628 1844 5

289 1870 493 1915 Fluctus
528 1868 746 1915 Passeris
781 1872 868 1914 aut
901 1867 1138 1928 superbus
1174 1866 1367 1921 Anxur,

289 1951 405 1997 Non
440 1951 627 1997 Phoebi
661 1950 788 1996 vada
821 1949 1156 2011 principesque
1192 1947 1353 1992 Baiae.

289 2030 543 2092 Nusquam
580 2034 682 2076 tam
718 2029 931 2074 nitidum
966 2033 1108 2073 vacat
1144 2043 1394 2073 serenum:

291 2111 401 2156 Lux
435 2111 539 2171 ipsa
574 2116 647 2156 est
681 2111 751 2156 ibi
785 2111 986 2170 longior,
1026 2108 1221 2168 diesque

294 2190 446 2237 Nullo
482 2191 670 2236 tardius
706 2206 734 2236 a
769 2191 870 2236 loco
910 2189 1103 2236 recedit.
1579 2202 1634 2230 10

293 2269 403 2315 Illic
439 2270 641 2331 Taygeti
676 2271 839 2315 virent
873 2269 1071 2315 metalla

293 2349 358 2395 Et
394 2353 583 2395 certant
617 2350 752 2395 vario
788 2349 956 2395 decore
990 2364 1120 2404 saxa,

294 2429 428 2484 Quae
464 2428 635 2489 Phryx
671 2434 719 2473 et
755 2427 906 2488 Libys
941 2427 1089 2474 altius
1123 2425 1325 2482 cecidit3

292 2508 450 2554 Siccos
485 2508 679 2569 pinguis
715 2524 844 2568 onyx
882 2508 1078 2553 anhelat
1113 2510 1272 2552 aestus

292 2588 359 2633 Et
393 2588 585 2634 flamma
619 2588 757 2633 tenui
791 2587 950 2633 calent
986 2587 1189 2648 ophitae.
1580 2599 1631 2642 15
