1732 2959
704 143 833 191 LIB.
893 143 941 190 V.
1501 142 1561 189 67

697 292 952 337 XXXIV.
1011 268 1068 308 ¹²

85 409 228 454 Hanc
261 405 368 462 tibi,
407 405 590 449 Fronto
625 410 781 463 pater,
812 402 1036 463 genetrix
1072 399 1314 457 Flaccilla,
1351 400 1563 461 puellam

149 485 326 533 Oscula
359 482 640 529 commendo
674 481 965 541 deliciasque
1000 496 1143 537 meas,

82 566 295 614 Parvula
327 580 390 610 ne
423 563 585 624 nigras
619 562 864 607 horrescat
898 560 1104 606 Erotion
1138 560 1334 605 umbras

150 646 343 706 Oraque
377 640 595 689 Tartarei
629 640 899 702 prodigiosa
923 639 1068 686 canis.

83 726 353 786 Impletura
386 722 484 768 fuit
519 727 683 766 sextae
717 720 858 764 modo
892 719 1072 780 frigora
1111 719 1324 776 brumae,
1539 731 1563 777 5

148 793 370 851 Vixisset
403 801 607 848 totidem
641 799 696 845 ni
732 800 892 845 minus
929 799 1015 844 illa
1049 798 1161 844 dies,

82 887 223 932 Inter
254 889 356 929 tam
389 889 577 927 veteres
611 880 750 926 ludat
784 879 960 925 lasciva
994 884 1222 940 patronos

148 965 215 1010 Et
248 977 426 1009 nomen
459 949 619 1006 blaeso
654 959 837 1020 garriat
872 974 953 1004 ore
988 974 1162 1004 meum.

82 1043 255 1089 Mollia
289 1057 388 1087 non
421 1040 605 1101 rigidus
639 1032 798 1100 cespes
832 1043 967 1099 tegat
1002 1054 1121 1097 ossa,
1158 1054 1245 1085 nec
1279 1039 1368 1096 illi,

147 1124 307 1180 Terra,
345 1120 504 1182 gravis
537 1120 713 1167 fueris:
748 1135 847 1165 non
881 1119 979 1164 fuit
1013 1119 1097 1164 illa
1132 1119 1236 1165 tibi.
1504 1139 1561 1167 10

669 1266 986 1313 XXXVIII.

83 1386 382 1433 Calliodorus
417 1385 564 1430 habet
600 1384 972 1445 censum—quis
1006 1385 1160 1431 nescit
1177 1385 1548 1445 Z—equestrem,

149 1466 309 1525 Sexte,
347 1465 431 1512 sed
465 1471 513 1511 et
547 1465 747 1510 fratrem
784 1464 1084 1511 Calliodorus
1117 1464 1274 1511 habet.

83 1548 449 1608 Quadringenta
483 1553 624 1604 secat,
662 1546 748 1607 qui
783 1545 900 1590 dicit
936 1548 1056 1591 σῦκα
1090 1544 1269 1604 μέριζει

147 1628 264 1675 Uno
300 1627 453 1673 credis
487 1643 610 1687 equo
644 1642 781 1687 posse
817 1628 979 1672 sedere
1015 1626 1168 1672 duos?

83 1707 212 1763 Quid
246 1723 356 1753 cum
389 1707 540 1752 fratre
575 1705 678 1763 tibi,
718 1706 836 1765 quid
871 1721 980 1750 cum
1015 1703 1213 1750 Polluce
1247 1703 1477 1749 molesto?
1537 1719 1561 1765 5

147 1788 264 1833 Non
298 1792 424 1833 esset
459 1785 638 1832 Pollux
672 1785 714 1830 si
747 1785 854 1842 tibi,
894 1784 1065 1831 Castor
1099 1799 1215 1830 eras,

82 1869 229 1915 Unus
264 1884 374 1913 cum
408 1867 528 1925 sitis,
566 1867 674 1923 duo,
715 1864 998 1924 Calliodore,
1037 1864 1222 1910 sedetis.

149 1946 328 2007 Surge:
377 1944 697 2004 σολοικισμὸν,
735 1944 1018 2000 Calliodore,
1057 1943 1184 1990 facis.

82 2029 190 2073 Aut
223 2027 419 2073 imitare
453 2042 605 2087 genus
640 2026 976 2071 Ledae—cum
1012 2025 1161 2070 fratre
1202 2024 1367 2070 sedere

148 2107 199 2153 N
202 2123 265 2152 on
299 2111 529 2168 potes-n:
565 2105 780 2162 alternis,
820 2105 1101 2162 Calliodore‚
1140 2105 1263 2152 sede.
1506 2121 1564 2150 10

721 2251 915 2325 XLIX.
941 2259 968 2286 V

216 2375 461 2422 Vidissem
496 2375 636 2420 modo
670 2374 797 2420 forte
831 2391 941 2420 cum
976 2374 1220 2420 sedentem

217 2455 385 2501 Solum
418 2461 481 2512 te,
520 2455 748 2513 Labiene,
781 2459 880 2501 tres
913 2454 1096 2516 putavi.

218 2535 394 2582 Calvae
428 2551 506 2582 me
539 2551 770 2582 numerus
802 2540 917 2581 tuae
951 2535 1152 2582 fefellit:

217 2616 344 2663 Sunt
377 2615 512 2661 illinc
545 2615 651 2672 tibi,
689 2621 805 2661 sunt
839 2620 888 2660 et
922 2615 1035 2659 hinc
1070 2613 1242 2674 capilli,

1303 2712 1430 2757 5-2
