1732 2959
730 95 854 140 ΜΒ.
915 96 1056 141 VJIJ.
1495 69 1498 71 Α
1536 97 1626 140 103

156 206 355 253 Imbuat
389 204 633 266 egregium
667 203 812 264 digno
847 203 965 248 mihi
1003 208 1195 247 nectare
1231 218 1406 248 munus

222 286 337 331 Non
371 299 512 345 grege
549 284 606 329 de
641 282 839 339 domini,
877 282 960 328 sed
993 287 1092 337 tua,
1132 281 1288 336 Ceste,
1327 297 1508 327 manus.

157 363 310 420 Ceste,
346 363 489 408 decus
523 377 726 418 mensae,
764 360 912 406 misce
948 360 1144 405 Setina:
1180 359 1375 404 videtur

223 442 333 504 Ipse
367 457 486 503 puer
519 441 672 496 nobis,
708 439 810 500 ipse
844 439 979 484 sitire
1014 455 1166 500 caper.
1571 454 1629 483 -20

156 523 255 568 Det
289 538 546 568 numerum
581 520 767 581 cyathis
803 520 1018 564 Instanti
1054 519 1219 564 littera
1255 518 1399 564 Rufi:

221 605 410 647 Auctor
443 599 572 645 enim
607 599 737 645 tanti
770 600 984 644 muneris
1018 598 1099 643 ille
1134 597 1266 643 mihi.

158 682 208 727 Si
243 680 501 727 Telethusa
534 680 672 725 venit
706 679 1034 739 promissaque
1068 678 1245 739 gaudia
1278 681 1454 738 portat,

223 759 459 805 Servabor
493 758 727 814 dominae,
766 758 909 813 Rufe,
947 758 1128 803 triente
1162 765 1248 802 tuo
1266 774 1278 815 3

157 837 210 884 Si
244 838 389 884 dubia
423 842 509 893 est,
548 842 777 898 septunce
811 836 980 882 trahar
996 853 1009 894 3
1044 836 1086 881 si
1120 836 1249 881 fallit
1284 840 1528 880 amantem
1573 850 1596 879 2
1606 847 1630 895 5

223 917 299 963 Ut
331 917 546 978 iugulem
581 932 732 974 curas,
770 932 948 961 nomen
982 922 1246 975 utrumque
1280 913 1461 959 bibam.

832 1067 948 1112 LII.
998 1086 1069 1097 *f

421 1190 682 1235 Tonsorem
716 1205 934 1250 puerum,
973 1189 1053 1235 sed
1091 1195 1195 1234 arte
1230 1188 1391 1244 talem,

422 1269 592 1324 Qualis
625 1284 713 1314 nec
747 1268 1008 1314 Thalamus
1042 1269 1138 1314 fuit
1172 1268 1396 1326 Neronis,

421 1348 696 1394 Drusorum
732 1352 811 1393 cu'1'
845 1347 1086 1408 contigere
1121 1348 1310 1403 barbae,

424 1426 721 1486 Aequandas
756 1426 901 1472 semel
938 1427 999 1471 ad
1032 1442 1176 1487 genas
1211 1432 1406 1486 roga-tus

423 1505 569 1562 Rufo,
608 1505 906 1563 Caediciane,
944 1505 1255 1551 commodavi.
1608 1518 1632 1564 5

422 1585 557 1630 Dum
590 1586 748 1631 iussus
782 1585 962 1646 repetit
995 1585 1116 1646 pilos
1153 1584 1355 1641 eosdem,

424 1663 640 1710 Censura
674 1664 855 1724 speculi
888 1680 1089 1709 manum
1122 1671 1333 1725 regente,

422 1742 756 1805 Expingitque
791 1749 952 1789 cutem
986 1744 1197 1805 facitque
1231 1743 1424 1804 longam

425 1821 656 1868 Detonsis
691 1823 1035 1884 epaphaeresin
1070 1823 1269 1885 capillis,

421 1900 662 1948 Barbatus
697 1902 819 1947 mihi
851 1908 1018 1948 tonsor
1051 1910 1124 1949 est
1158 1918 1389 1949 reversus.
1581 1917 1638 1947 10

836 2051 940 2099 LV.

160 2162 381 2208 Auditur
417 2170 655 2225 quantum
690 2164 903 2226 Massyla
936 2182 1024 2228 per
1057 2167 1169 2212 avia
1202 2183 1436 2223 murmur,

224 2241 489 2288 Innumero
523 2244 747 2304 quotiens
783 2245 908 2290 silva
941 2245 1077 2292 leone
1112 2245 1246 2304 furit,

160 2319 378 2367 Pallidus
411 2322 645 2369 attonitos
680 2324 741 2369 ad
777 2324 940 2370 Poena
974 2325 1182 2386 mapalia
1216 2330 1380 2387 pastor

227 2401 360 2447 Cum*
383 2409 577 2451 revocat
609 2410 774 2451 tauros
809 2413 858 2452 et
892 2407 995 2453 sine
1029 2412 1192 2453 mente
1227 2422 1397 2468 pecus:

159 2480 345 2528 Tantus
377 2484 431 2530 in
466 2485 686 2532 Ausonia
719 2487 918 2533 fremuit
952 2488 1093 2533 modo
1128 2494 1286 2534 terror
1318 2486 1509 2534 harena.
1605 2501 1631 2549 5

227 2561 346 2616 Quis
379 2579 477 2609 non
513 2581 613 2611 esse
647 2581 840 2626 gregem
876 2567 1124 2613 crederet?
1159 2583 1284 2612 unus
1319 2572 1436 2621 erat,
