1732 2959
78 109 171 156 116
626 101 1018 149 MARTIALIS

143 214 447 261 Demeruisse
481 213 601 258 duos
639 219 804 257 votum
839 217 943 268 est3
981 208 1224 254 offendere
1259 207 1425 269 plures
1533 222 1555 268 5

205 295 311 341 Vix
346 300 544 351 tutum3
580 291 748 338 multis
783 291 979 336 mittere
1013 289 1141 334 dona
1175 304 1323 350 grave
1359 292 1442 334 est.

142 378 249 433 Qua
283 390 477 437 possum
513 372 614 418 sola
649 371 838 416 veniam
877 370 1065 415 ratione
1100 369 1346 415 merebor:

205 455 257 501 N
260 471 310 502 ec
346 453 522 500 Stellae
557 451 741 503 turdos,
777 465 865 495 nec
899 449 1005 505 tibi,
1045 448 1226 506 Flacce,
1265 447 1403 493 dabo.

714 594 908 641 LVIII.

73 711 305 772 Nympha
340 708 461 754 sacri
496 705 662 766 regina
697 704 841 759 lacus,
881 704 957 748 cui
991 709 1130 763 grata
1164 703 1374 747 Sabinus

139 791 207 837 Et
243 804 470 835 mansura
504 786 583 848 pio
621 801 819 830 munere
854 784 1036 845 templa
1071 783 1219 838 dedit,

75 870 153 917 Sic
188 874 420 915 montana
452 873 563 913 tuos
598 881 784 926 semper
819 864 944 910 colat
978 862 1188 909 Umbria
1222 862 1393 918 fontes,

140 950 191 996 N
194 966 246 995 ec
280 955 367 994 tua
402 947 610 992 Baianas
647 945 844 992 Sassina
877 944 1017 989 malit
1052 959 1230 1004 aquas:

80 1030 159 1076 Ex
183 1029 287 1090 cipe
322 1027 554 1074 sollicitos
589 1026 788 1087 placide,
827 1040 935 1069 mea
969 1023 1107 1079 dona,
1144 1021 1333 1067 libellos
1350 1038 1363 1079 3

141 1108 215 1154 Tu
248 1106 398 1153 fueris
433 1104 594 1151 Musis
629 1102 825 1163 Pegasis
860 1102 992 1147 unda
1031 1100 1232 1146 meis.—

79 1189 460 1250 “Nympharum
495 1185 690 1247 templis
724 1183 944 1246 quisquis
978 1198 1065 1228 sua
1100 1181 1314 1226 carmina
1347 1179 1508 1235 donat,

147 1268 276 1325 Quid
310 1267 416 1312 fieri
450 1265 589 1311 libris
624 1264 810 1321 debeat,
849 1264 950 1323 ipse
986 1260 1165 1308 docet.”

760 1425 899 1472 LIX.

146 1539 208 1584 In
243 1536 403 1597 Septis
440 1534 693 1579 Mamurra
727 1531 810 1575 diu
847 1529 1152 1587 multumque
1188 1530 1402 1585 vagatus,

212 1618 312 1663 Hic
345 1616 429 1661 ubi
466 1614 624 1659 Roma
658 1627 766 1656 suas
800 1625 946 1655 aurea
980 1611 1129 1652 vexat
1162 1621 1285 1666 opes,

147 1695 370 1757 Inspexit
404 1692 572 1738 molles
606 1704 779 1752 pueros
814 1687 1058 1748 oculisque
1094 1684 1302 1731 comedit
1320 1699 1333 1741 5

212 1773 329 1820 Non
364 1772 464 1828 hos,
501 1785 620 1832 quos
656 1769 839 1830 primae
874 1766 1165 1828 prostituere
1200 1778 1347 1827 casae,

149 1853 243 1901 Sed
277 1867 397 1913 quos
432 1865 633 1895 arcanae
668 1851 866 1893 servant
899 1845 1119 1891 tabulata
1153 1829 1363 1890 catastae
1409 1826 1413 1833 ⁴
1480 1828 1482 1831 ι
1540 1855 1563 1901 5

215 1933 282 1979 Et
317 1947 435 1993 quos
469 1946 565 1975 non
601 1928 821 1990 populus,
859 1942 946 1971 nec
980 1941 1088 1970 mea
1121 1925 1267 1970 turba
1307 1923 1446 1968 videt.

148 2016 271 2061 Inde
289 2019 442 2058 satur
475 2025 663 2056 mensas
699 2014 747 2054 et
782 2011 971 2068 opertos
1007 2006 1144 2050 exuit
1178 2004 1315 2050 orbes

220 2092 606 2154 Expositumque
641 2089 737 2134 alte
773 2088 952 2148 pingue
986 2085 1203 2147 poposcit
1237 2084 1366 2139 ebur,

150 2175 219 2221 Et
252 2171 581 2218 testudineum
618 2184 812 2213 mensus
847 2172 1018 2227 quater
1050 2165 1335 2211 hexaclinon

218 2252 468 2314 Ingemuit
503 2252 623 2295 citro
659 2265 757 2294 non
793 2249 909 2292 satis
944 2262 1044 2292 esse
1080 2263 1177 2292 suo,
1513 2260 1569 2290 10

152 2331 410 2380 Consuluit
443 2345 597 2386 nares,
635 2344 698 2373 an
732 2328 918 2372 olerent
952 2341 1062 2371 aera
1099 2323 1379 2380 Corinthon,

220 2412 452 2472 Culpavit
486 2415 671 2455 statuas
707 2414 768 2463 et,
807 2407 1057 2466 Polyclito,
1096 2412 1216 2458 tuas

160 2494 220 2539 Et
254 2493 452 2538 turbata
483 2490 622 2535 brevi
657 2494 854 2549 questus
889 2487 1168 2548 crystallina
1203 2487 1329 2531 vitro

221 2572 445 2619 Murrina
480 2570 693 2632 signavit
728 2568 1034 2629 seposuitque
1069 2567 1243 2612 decem.
