1732 2959
676 98 806 144 LIB.
857 97 932 143 II.
1483 95 1541 141 27

681 320 914 365 XXXII.

65 446 147 491 Lis
181 443 303 491 mihi
333 459 442 489 cum
467 441 621 487 Balbo
644 446 731 498 est,
756 446 813 486 tu
839 440 1046 485 Balbum
1071 438 1311 485 offendere
1335 454 1433 482 non
1456 437 1543 495 vis,

130 524 355 570 Pontice:
394 538 501 568 eum
538 521 707 567 Licino
743 526 828 576 est,
856 520 934 565 hic
958 535 1148 580 quoque
1172 533 1377 579 magnus
1401 517 1545 562 homo

261 609 346 649 est.

65 682 231 728 Vexat
265 697 402 742 saepe
436 697 597 727 meum
633 680 869 726 Patrobas
904 679 1104 725 confinis
1139 678 1362 740 agellum,

131 762 313 808 Contra
347 761 577 807 libertum
613 760 830 807 Caesaris
864 760 935 805 ire
970 760 1124 805 times.

66 842 295 903 Abnegat
330 846 380 886 et
414 841 594 886 retinet
628 845 847 885 nostrum
884 839 1092 885 Laronia
1127 855 1335 896 servum,
1522 852 1544 898 5

133 922 414 983 Respondes
452 921 627 966 “Orba
662 926 747 976 est,
787 919 934 975 dives,
972 935 1106 975 anus,
1144 919 1333 965 vidua.’'

66 1001 181 1048 Non
215 1002 350 1059 bene,
388 1000 525 1046 crede
559 999 695 1056 mihi,
732 1015 867 1044 servo
904 999 1114 1045 servitur
1146 999 1328 1043 amico:

133 1082 208 1128 Sit
242 1082 376 1138 liber,
415 1081 636 1126 dominus
672 1080 756 1141 qui
791 1080 922 1125 volet
957 1095 1055 1125 esse
1092 1095 1237 1124 meus.

663 1274 950 1320 XXXVII.
981 1312 987 1315 ,

267 1390 516 1452 Quidquid
551 1390 750 1451 ponitur
784 1389 897 1435 hinc
933 1394 982 1435 et
1017 1390 1128 1435 inde
1164 1391 1326 1447 verris,

268 1473 510 1518 Mammas
545 1470 749 1516 suminis
784 1470 1130 1532 imbricemque
1166 1472 1297 1532 porci

268 1552 678 1612 Communemque
713 1552 901 1597 duobus
936 1532 1228 1612 attagenamJ

266 1631 480 1676 Mullum
517 1630 773 1675 dimidium
807 1630 1075 1692 lupumque
1110 1635 1268 1676 totum

268 1710 629 1770 Muraenaeque
663 1709 791 1754 latus
825 1709 1080 1770 femurque
1114 1708 1238 1775 pulli
1523 1722 1546 1768 5

270 1787 642 1848 Stillantemque
677 1788 799 1833 aliea
830 1804 917 1834 sua
950 1772 1246 1849 palumbum.

269 1867 407 1913 Haec
441 1883 548 1913 oum
586 1867 780 1912 condita
814 1873 930 1912 sunt
965 1867 1189 1913 madente
1230 1883 1418 1928 mappa,

269 1948 547 1992 Traduntur
580 1962 729 2008 puero
771 1947 967 1992 domum
1004 1946 1214 1993 ferenda.

269 2028 374 2074 Nos
408 2028 732 2073 accumbimus
772 2028 926 2073 otiosa
966 2028 1122 2073 turba.

270 2107 419 2153 Ullus
460 2109 500 2152 si
537 2107 693 2168 pudor
733 2112 819 2163 est,
867 2122 1043 2168 repone
1085 2123 1283 2154 cenam:
1496 2123 1551 2152 10

272 2187 389 2232 Cras
423 2192 485 2244 te,
528 2186 811 2244 Caeciliane,
845 2202 943 2231 non
981 2186 1162 2231 vocavi.

748 2359 886 2406 XLI.

207 2479 370 2527 “Ride
404 2482 444 2526 si
479 2480 620 2541 sapis,
658 2496 686 2526 o
720 2480 893 2542 puella,
930 2481 1064 2526 ride'’

207 2561 450 2622 Pelignus,
486 2567 617 2622 puto,
655 2561 844 2607 dixerat
879 2567 1033 2622 poeta,
