1732 2959
128 112 188 158 76
674 107 1062 155 MARTIALIS

191 217 233 264 Ο
269 233 416 279 quam
450 233 601 278 paene
636 216 728 261 tibi
764 214 955 276 Stygias
989 230 1076 276 ego
1110 219 1278 276 rap’ous
1311 215 1372 261 ad
1406 215 1561 262 undas

257 299 452 360 Elysiae
485 298 588 344 vidi
622 297 792 343 nubila
826 297 959 342 fusca
991 296 1189 357 plagae!

192 380 428 436 Quamvis
462 379 586 425 lassa
619 383 729 424 tuos
763 377 1060 438 quaerebant
1092 376 1279 422 lumina
1312 376 1473 421 voltus
1575 391 1598 436 5

254 459 422 519 Atque
458 463 561 502 erat
595 457 645 501 in
681 455 839 517 gelido
873 455 1110 516 plurimus
1146 471 1226 500 ore
1261 454 1468 501 Pudens

190 538 241 585 Si
275 538 398 583 mihi
431 536 652 583 lanificae
687 536 874 581 ducunt}
908 551 1007 580 non
1042 535 1178 596 pulla
1213 550 1397 581 sorores

255 616 476 662 Stamina
498 631 586 661 nec
610 615 778 660 surdos
813 630 910 659 vox
944 614 1092 659 habeb
1124 615 1219 659 ista
1253 614 1379 670 deos,

188 697 376 759 Sospite
410 713 487 743 me
522 711 681 758 sospes
716 696 883 742 Latias
916 695 1160 741 reveheris
1195 695 1256 741 ad
1291 695 1432 741 urbes

253 778 319 823 Et
352 777 530 823 referes
564 776 653 838 pili
686 775 899 837 praemia
933 775 1088 821 clarus
1124 791 1279 836 eques,
1544 791 1601 820 10

787 953 924 999 LIX.

185 1085 252 1130 En
285 1084 417 1131 dolet
450 1089 500 1130 et
535 1085 755 1145 queritur
789 1085 882 1130 sibi
916 1100 1016 1130 non
1051 1083 1328 1144 contingere
1363 1083 1527 1145 frigus,

251 1164 458 1226 Propter
492 1171 743 1212 sexcentas
778 1166 989 1212 Baccara
1023 1165 1324 1227 gausapinas,

184 1244 337 1305 Optat
370 1250 420 1291 eb
454 1246 677 1292 obscuras
711 1246 840 1291 luces
875 1250 1142 1307 ventosque
1176 1245 1421 1306 nivesque,

249 1324 366 1371 Odit
401 1330 451 1371 ef,
484 1325 723 1386 hibernos,
761 1326 803 1372 si
836 1331 1047 1387 tepuere,
1085 1326 1198 1371 dies.

182 1405 312 1461 Quid
347 1407 498 1452 fecere
533 1408 649 1452 mali
683 1412 874 1452 nostrae
907 1408 1011 1466 tibi,
1054 1423 1205 1466 saeve,
1243 1407 1475 1463 lacernae,
1571 1422 1594 1468 5

246 1487 433 1534 Tollere
467 1489 527 1535 de
561 1489 769 1550 scapulis
803 1505 922 1551 quas
956 1489 1078 1535 levis
1112 1505 1230 1535 aura
1263 1489 1453 1550 po'cest?

181 1565 376 1622 Quanto
410 1568 689 1629 simplicius,
727 1574 911 1630 quanbo
946 1574 1019 1615 est
1053 1568 1313 1614 humanius
1347 1568 1485 1624 illud,

246 1648 416 1694 Mense
450 1648 529 1694 vel
563 1650 792 1710 Augusto
828 1665 1016 1696 sumere
1050 1649 1374 1711 gausapinas‘l

773 1825 940 1871 LXII.

311 1954 498 2000 Amisit
533 1959 671 2016 pater
706 1955 906 2000 unicum
943 1954 1177 2000 Salanus:

312 2034 477 2080 Cessas
511 2036 706 2080 mittere
741 2050 957 2091 munera,
996 2033 1250 2096 Oppiane'.l

310 2113 441 2171 Heu,
479 2114 670 2160 crudele
705 2115 838 2160 nefas
872 2114 1121 2175 malaeque
1157 2113 1367 2159 Parcae!

311 2193 461 2240 Cuius
496 2195 703 2241 volturis
738 2196 827 2241 hoc
863 2196 955 2241 erit
990 2196 1224 2241 cadaverZ

746 2369 946 2416 LXIII.

177 2489 277 2535 Scis
310 2494 360 2535 te
394 2489 589 2550 camari,
628 2490 719 2535 scis
753 2489 882 2535 hunc
918 2489 1002 2550 qui
1037 2494 1212 2550 captat,
1251 2506 1465 2546 avarum,

244 2568 310 2612 Et,
344 2568 434 2614 scis
471 2568 555 2629 qui
590 2573 765 2629 captat,
804 2568 934 2629 quid,
974 2568 1209 2627 Mariane,
1248 2569 1379 2616 velit.
