1732 2959
719 124 846 170 LIB.
905 124 983 171 VI.
1517 127 1543 171 7
1552 127 1577 172 9

106 233 206 279 Hic
240 232 362 278 situs
396 237 469 278 est
504 231 698 277 Fuscus.
774 232 910 277 Licet
942 231 1046 287 hoc,
1084 231 1316 290 Fortuna,
1355 232 1512 289 fateri,

170 310 286 356 Non
320 310 461 355 timet
495 310 695 356 hostiles
729 310 826 355 iam
861 310 984 370 lapis
1019 309 1111 355 iste
1147 310 1312 356 minas.

106 388 300 434 Grande
334 387 503 450 iugum
538 388 720 434 domita
756 389 917 434 Dacus
953 389 1135 434 cervice
1172 389 1349 450 recepit
1553 404 1576 450 5

170 468 237 513 Et
270 468 502 513 famulum
540 468 718 513 victrix
751 467 961 528 possidet
996 468 1168 514 umbra
1202 483 1386 514 nemus,

699 672 975 719 LXXVII.

105 807 226 854 Cum
263 808 326 852 sis
360 811 462 852 tam
497 822 692 869 pauper,
733 822 878 867 quam
914 822 1001 852 nec
1036 806 1322 851 miserabilis
1358 805 1478 862 Iros,

169 887 288 932 Tam
322 886 523 943 iuvenis,
561 902 706 947 quam
739 902 828 931 nec
865 885 1262 946 Parthenopaeus
1297 889 1401 930 erat
1415 900 1429 942 3

101 966 218 1011 Tam
253 965 407 1025 fortis,
448 981 593 1027 quam
627 981 727 1024 nec,
767 981 877 1010 cum
912 965 1142 1021 vinceret,
1181 963 1536 1014 Artemidorus,

167 1047 295 1102 Quid
330 1052 379 1091 te
414 1046 753 1108 Cappadocum
787 1061 872 1091 sex
908 1060 1028 1090 onus
1063 1060 1164 1089 esse
1198 1043 1366 1089 iuvat?

100 1125 294 1171 Rideris
327 1125 578 1188 multoque
612 1125 764 1186 magis
798 1123 1078 1182 traduceriS,
1116 1124 1253 1181 Afer,
1550 1137 1573 1184 5

168 1204 324 1260 Quam
358 1205 518 1250 nudus
553 1204 710 1249 medio
745 1204 786 1249 si
821 1203 1028 1265 spatiere
1062 1203 1175 1248 foro.

100 1285 150 1330 N
153 1300 214 1330 on
250 1284 391 1329 aliter
424 1288 725 1328 monstratur
758 1283 904 1329 Atlas
940 1299 1049 1329 cum
1085 1298 1303 1344 compare
1337 1281 1486 1343 ginno

165 1364 394 1426 Quaeque
427 1364 564 1409 vehit
598 1364 806 1410 similem
839 1364 983 1409 belua
1016 1362 1156 1424 nigra
1190 1362 1366 1424 Libyn.

97 1444 348 1490 Invidiosa
381 1444 474 1490 tibi
508 1460 653 1505 quam
688 1445 751 1490 sit
791 1445 972 1502 lectica,
1010 1444 1246 1505 requiris?

163 1522 279 1568 Non
313 1523 455 1568 debes
489 1523 605 1569 ferri
639 1528 859 1569 mortuus
894 1523 1182 1584 hexaphoro.
1518 1539 1573 1567 10

725 1728 942 1775 LXXX.

98 1858 174 1905 Ut
207 1875 334 1906 nova
368 1859 494 1906 dona
527 1861 632 1917 tibi,
673 1861 861 1917 Caesar,
900 1861 1115 1906 Nilotica
1149 1862 1295 1907 tellus

162 1938 368 1984 Miserat
401 1939 626 1985 hibernas
662 1941 916 1986 ambitiosa
949 1956 1093 1998 rosas,

99 2019 280 2064 Navita
315 2019 484 2065 derisit
518 2020 722 2066 Pharios
757 2020 1102 2081 Memphiticus
1138 2021 1316 2078 hortos,

161 2098 315 2145 Urbis
348 2104 406 2144 ut
438 2100 645 2144 intravit
681 2100 849 2145 limina
883 2100 1039 2161 prima
1075 2106 1197 2147 tuae.

94 2179 278 2224 Tantus
312 2179 438 2224 veris
472 2179 624 2225 honos
658 2184 707 2225 et
741 2180 913 2225 odorae
947 2180 1102 2240 gratia
1138 2179 1322 2238 Florae,
1542 2197 1564 2243 5

158 2259 408 2320 Tantaque
444 2259 673 2305 Paestani
706 2260 859 2320 gloria
892 2260 1019 2305 ruris
1060 2264 1175 2307 erat.

95 2340 173 2386 Sic
207 2356 490 2401 quacunque
525 2357 676 2402 vagus
709 2356 1019 2402 gressumque
1053 2339 1306 2401 oculosque
1347 2340 1542 2398 ferebat,

158 2420 430 2467 Tonsilibus
464 2421 606 2467 sertis
641 2437 780 2467 omne
815 2421 1022 2466 rubebat
1056 2420 1161 2467 iter.

96 2499 168 2544 At
201 2504 257 2544 tu
293 2499 542 2546 Romanae
575 2500 733 2546 iussus
767 2499 864 2545 iam
901 2501 1065 2546 cedere
1099 2501 1310 2557 brumae,

158 2577 307 2623 Mitte
347 2586 458 2624 tuae
492 2594 680 2636 messes,
717 2579 889 2640 accipe,
928 2578 1057 2637 Nile,
1095 2594 1235 2624 rosas.
1512 2593 1568 2624 10
