1732 2959
712 131 847 179 LIB.
893 131 989 178 XI.
1504 135 1593 186 149

785 284 922 331 XCI.

116 420 346 467 Aeolidos
381 421 566 467 Canace
601 420 727 466 iacet
760 421 849 466 hoc
883 421 1128 466 tumulata¹
1163 420 1393 482 sepulcro,

182 499 374 546 Ultima
409 500 487 545 cui
520 515 696 559 parvae
731 500 935 560 septima
969 501 1106 546 venit
1139 499 1306 546 hiems.

115 579 197 624 Ah
233 579 398 636 sceluS‚
434 579 495 624 ah
530 577 749 624 facinus!
798 595 1025 640 properas
1060 580 1177 641 quid
1213 579 1337 635 flere,
1377 578 1572 625 viator?

180 658 295 704 Non
329 658 442 704 licet
471 658 550 704 hic
583 658 712 703 vitae
748 658 806 703 de
840 659 1078 705 brevitate
1113 659 1260 721 queri.

115 736 324 782 Tristius
359 742 432 782 est
466 736 563 781 leto
598 735 686 781 leti
718 752 900 797 genus:
940 737 1135 783 horrida
1169 737 1331 783 voltus
1569 751 1590 796 5

178 816 402 862 Abstulit
437 821 485 861 et
520 825 686 861 tenero
721 815 846 862 sedit
879 816 932 862 in
967 833 1046 862 ore
1081 817 1198 874 lues,

114 896 321 960 Ipsaque
355 895 570 942 crudeles
604 895 808 941 ederunt
843 896 1005 942 oscula
1038 897 1206 954 morbi,

178 974 284 1020 Nec
318 974 432 1020 data
466 979 580 1019 sunt
614 974 764 1035 nigris
799 979 903 1021 tota
938 975 1115 1022 labella
1148 975 1288 1037 rogis.

114 1054 165 1100 Si
200 1059 300 1099 tam
335 1052 587 1115 praecipiti
620 1053 814 1099 fuerant
849 1059 1056 1099 ventura
1090 1054 1270 1111 volatu,

182 1134 466 1179 Debuerant
499 1133 594 1179 alia
628 1133 730 1178 fata
764 1133 930 1179 venire
965 1134 1059 1180 via.
1536 1151 1590 1180 10

114 1214 208 1260 Sed
241 1230 369 1260 mors
402 1213 533 1259 vocis
567 1213 661 1258 iter
695 1213 971 1274 properavit
1005 1213 1197 1259 cludere
1233 1213 1447 1269 blandae,

178 1294 256 1340 Ne
291 1298 451 1355 posset
485 1293 627 1338 duras
661 1293 849 1339 flectere
883 1293 1050 1355 lingua
1084 1293 1208 1339 deas.

727 1503 977 1553 XCVIII.

250 1639 473 1700 Effugere
509 1655 606 1685 non
646 1645 732 1696 est,
771 1640 953 1694 Flacce,
989 1641 1261 1687 basiatores.

245 1719 456 1777 Instant,
494 1725 759 1777 morantur,
796 1725 1122 1781 persecuntur,
1161 1726 1431 1780 occurrunt,

247 1798 314 1844 Et
348 1798 461 1844 hinc
495 1804 545 1844 et
578 1799 726 1858 illinc,
763 1815 1122 1862 usquequaque,
1159 1816 1458 1863 quacunque.

246 1878 363 1924 Non
396 1877 533 1924 ulcus
568 1894 674 1924 acre
708 1878 993 1939 pustulaeve
1027 1879 1255 1936 lucentes,

246 1958 351 2004 Nec
384 1959 522 2004 triste
557 1964 776 2005 mentum
811 1960 1085 2021 sordidique
1118 1960 1338 2018 lichenes,
1571 1969 1593 2015 5

245 2037 349 2083 Nec
383 2038 518 2084 labra
550 2038 720 2100 pingui
755 2038 971 2085 delibuta
1007 2044 1180 2096 cerato,

247 2116 352 2162 Nec
387 2117 625 2177 congelati
658 2122 800 2177 gutta
834 2117 1049 2178 proderit
1085 2118 1220 2164 nasi:

247 2196 314 2241 Et
348 2201 650 2242 aestuantem
686 2195 877 2242 basiant
912 2202 962 2242 et
995 2196 1247 2257 algentem,

248 2275 316 2320 Et
348 2275 566 2337 nuptiale
602 2276 791 2322 basium
825 2282 1163 2324 reservantem.

249 2353 364 2400 Non
396 2360 446 2401 te
481 2355 679 2401 cucullis
713 2361 892 2402 asseret
927 2361 1072 2417 caput
1110 2364 1303 2415 tectum,
1536 2373 1590 2403 10

250 2433 439 2479 Lectica
472 2450 558 2480 nec
595 2441 642 2480 te
678 2441 786 2480 tuta
819 2434 944 2496 pelle
978 2435 1194 2496 veloque,

251 2514 353 2560 Nec
388 2514 656 2560 vindicabit
690 2515 806 2560 sella
841 2515 1028 2576 saepius
1063 2515 1220 2562 clusa:

250 2593 419 2638 Rimas
457 2608 542 2654 per
576 2609 739 2640 omnes
773 2595 984 2640 basiator
1017 2595 1233 2642 intrabit.
