1732 2959
677 105 806 153 LIB.
858 108 932 155 II.

71 217 211 263 Misit
244 217 527 277 Agenoreas
563 216 732 278 Cadmi
768 216 860 262 tibi
894 222 1025 263 terra
1057 217 1302 286 lacernas:

130 297 245 342 Non
279 297 457 342 vendes
492 296 704 341 nummis
740 298 933 343 coccina
966 281 1132 343 nostra
1167 298 1335 363 tribus.

65 377 132 422 Tu
172 377 379 439 Libycos
397 376 551 442 vllndis
585 376 839 437 suspendis
874 376 1101 423 dentibus
1135 377 1272 423 orbes
1293 397 1301 423 t
1321 361 1351 382 η

100 453 107 456 ’
129 455 362 513 ΕυΙοίί-,ῑιῑζ
384 434 706 519 ὓυὲἐὲᾳῆἱειςίῃε,
740 470 921 500 mensa·
941 454 1072 500 mihi.

63 503 603 603 ImmodssssiffiffibiffflffVa
621 518 811 594 ‘tegunt
845 533 1162 594 chrysendeta
1195 535 1335 580 mulli
1358 552 1366 581 :

129 592 361 659 Concolor
395 614 447 658 in
482 618 661 671 nostra,
694 621 949 669 cammaro,
987 607 1122 659 lance
1158 598 1310 661 rubes,

63 692 195 738 Grex
228 697 344 738 tuus
381 691 531 737 Iliaco
565 696 756 752 poterat
791 697 973 737 certare
1008 681 1259 749 cinaedos

126 774 201 818 At
235 773 357 818 mihi
391 772 629 818 succurrit
664 787 749 833 pro
786 772 1068 832 Ganymede
1102 789 1286 820 manus.

63 854 139 898 Ex
173 853 343 914 opibus
377 852 530 898 tantis
565 854 719 897 veteri
754 851 944 912 fidoque
980 852 1134 897 sodali

126 933 227 978 Das
261 932 385 977 nihil
420 937 469 977 et
503 931 632 990 dicis,
673 930 901 990 Candide,
941 929 1066 977 κοινοὶ
1101 930 1280 990 φίλωνῖ

686 1153 875 1199 XLVI.
909 1146 940 1168 Ψ

58 1258 250 1304 Florida
285 1274 369 1319 per
403 1259 561 1304 varios
597 1264 652 1303 ut
686 1258 907 1319 pingitur
942 1259 1111 1320 Hybla
1146 1260 1338 1315 colores,

120 1337 244 1383 Cum
277 1338 424 1384 breve
460 1339 677 1384 Sicaniae
713 1355 797 1384 ver
833 1339 1129 1400 populantur
1163 1356 1290 1401 apes,

55 1417 133 1462 Sic
167 1424 254 1463 tua
288 1418 547 1480 suppositis
583 1419 822 1478 collucent
857 1406 1018 1481 praela
1052 1420 1268 1479 lacernis,

120 1496 198 1541 Sic
233 1496 380 1543 micat
415 1498 681 1543 innumeris
716 1488 879 1544 arcula
913 1499 1235 1560 Synthesibus,

1485 111 1543 156 29

1487 472 1543 502 10

53 1579 221 1638 Atque
255 1594 403 1623 unam
438 1578 616 1624 vestire
652 1579 835 1625 tribum
869 1585 955 1626 tua
990 1581 1192 1627 candida
1229 1588 1444 1643 possunt,
1507 1598 1531 1644 5

118 1659 318 1720 Appula
351 1676 449 1705 non
485 1677 582 1707 uno
619 1678 740 1723 quae
775 1679 916 1723 grege
950 1669 1081 1709 terra
1116 1665 1243 1710 tulit.

50 1739 125 1784 Tu
160 1745 343 1800 spectas
378 1733 585 1786 hiemem
620 1742 852 1787 succincti
886 1742 1048 1789 lentus
1083 1744 1227 1789 amici

120 1819 215 1864 Pro
251 1819 432 1866 scelus!
481 1826 530 1866 et
563 1821 731 1888 lateris
766 1822 943 1883 frigora
976 1823 1095 1868 trita
1129 1824 1216 1869 tui.
1306 1857 1313 1864 κ
1352 1868 1353 1871 ,

52 1898 302 1953 Quantum
337 1905 452 1957 erat,
490 1901 680 1958 infelix,
716 1891 890 1963 pannis
925 1903 1148 1948 fraudare
1183 1894 1454 1961 duobus,-'-

38 2039 40 2042 .
117 1979 246 2034 Quid
280 1980 455 2025 metuis
471 1981 653 2026 2-non
691 1986 752 2037 te,
791 1981 1021 2039 Naevole,
1061 1983 1142 2027 secl
1178 1983 1366 2029 tineas?

699 2228 864 2275 LVII.

179 2331 277 2377 Hic
312 2331 456 2392 quem
490 2323 666 2378 videtis
701 2334 942 2394 gressibus
978 2333 1113 2395 vagis
1147 2318 1347 2391 lentum,

178 2412 606 2473 Amethystinatus
641 2405 811 2459 media'
833 2414 917 2474 qui
952 2419 1081 2460 secat
1117 2395 1277 2475 Septa,

176 2493 331 2548 Quem
365 2509 464 2538 non
498 2493 702 2539 lacernis
736 2481 941 2539 Publius
975 2510 1112 2539 meus
1145 2495 1310 2551 vincit,

175 2571 291 2617 Non
324 2571 427 2648 ipse
463 2572 647 2618 Cordus
682 2573 826 2634 alpha
860 2574 1241 2634 paenulatorum,

1475 2001 1531 2030 10
