1732 2959
128 90 185 135 16
666 85 1053 134 MARTIALJS

122 196 326 252 Quaeris
362 196 470 252 iter,
517 195 706 241 dicam:
749 194 966 239 vicinum
1008 194 1208 240 Castora
1249 210 1396 240 canae

188 274 436 321 Transibis
471 274 655 320 Vestae
693 274 1059 335 virgineamque
1096 273 1326 332 domum3

124 357 246 402 Inde
284 371 417 401 sacro
457 353 735 399 veneranda
771 358 906 415 petes
945 354 1137 399 Palatia
1173 343 1312 411 chiso,
1583 367 1605 414 5

189 434 410 480 Plurima
450 449 548 494 qua
586 433 759 478 summi
802 432 958 493 fulget
994 433 1153 493 imago
1191 433 1339 478 ducis,

123 513 226 558 Nec
263 519 312 558 te
349 512 567 558 detineat
602 511 715 556 miri
748 511 937 556 radiata
976 511 1146 557 colossi

189 594 325 650 Quae
363 593 614 639 Rhodium
653 591 803 636 moles
840 591 1032 637 vincere
1072 592 1251 653 gaudet
1287 607 1418 653 opus.

124 672 286 718 Flecte
325 672 431 717 vias
467 671 557 716 hac
598 687 694 732 qua
726 662 929 715 inadiffi‘
949 676 1066 715 sunt
1105 676 1234 716 tecta.
1274 671 1425 732 Lyaei

192 754 257 799 Et
301 753 505 814 Cybeles
545 752 676 814 picto
715 757 814 798 stat
854 751 1132 812 Corybante
1168 758 1317 798 torus.
1332 747 1339 767 ³
1557 769 1613 798 10

125 834 357 880 Protinus
397 850 427 878 a
465 833 605 878 laeva
646 831 763 878 clari
802 831 893 876 tibi
933 830 1096 877 fronte
1128 831 1337 878 Penates

191 915 435 975 Atriaque
476 912 691 959 excelsae
733 916 848 957 sunt
885 912 1108 958 adeunda
1149 911 1333 957 domus.

125 997 270 1043 Hanc
308 1001 430 1057 pete,
475 1010 563 1040 nec
600 999 797 1077 metuas
831 993 986 1038 fastus
1022 993 1266 1054 limenque
1302 993 1592 1054 superbum:

191 1077 345 1122 Nulla
382 1075 536 1136 magis
573 1079 679 1120 toto
720 1063 869 1119 ianua
904 1078 1042 1135 poste
1081 1078 1231 1134 patet,

126 1156 229 1202 Nec
253 1156 451 1218 plopior
473 1171 620 1216 quam
645 1154 870 1200 Phoebus
894 1158 1023 1199 amet
1047 1154 1308 1215 doctaeque
1333 1169 1530 1200 soroies.
1559 1168 1612 1215 15

193 1236 243 1283 Si
285 1236 468 1282 dicet‘
474 1236 663 1291 Quare
703 1251 803 1280 non
840 1240 1006 1280 tamen
1044 1235 1146 1295 ipse
1186 1234 1394 1280 venit'P'

127 1316 204 1362 Sic
246 1316 359 1362 licet
397 1331 595 1361 excuses
641 1314 812 1370 “Quia
854 1304 1207 1376 qualiacunque
1239 1314 1283 1360 le
1285 1320 1469 1375 gwuntui

195 1398 311 1456 Ista,
357 1398 595 1443 salutator
633 1397 842 1442 seiibere
883 1411 981 1441 non
1014 1395 1219 1456 potuitss’

743 1700 990 1747 LXXVI.

127 1843 170 1888 O
208 1841 328 1887 mihi
362 1856 587 1886 curarum
624 1812 830 1901 pretiuin
865 1855 965 1884 non
998 1838 1094 1883 vile
1128 1853 1356 1895 mearum,

196 1911 378 1980 Flacca
414 1920 687 1984 Antenorei
721 1935 827 1980 spes
861 1925 912 1964 et
945 1918 1139 1964 alumne
1173 1917 1299 1974 laris,

131 2002 320 2048 Pierios
356 2001 496 2047 differ
531 2005 702 2046 cantus
736 1999 1070 2059 citharamque
1120 2013 1354 2055 sororum3

197 2084 297 2128 Aes
332 2082 467 2127 dabit
502 2097 563 2126 ex
597 2080 704 2126 istis
739 2080 874 2124 nulla
907 2079 1070 2141 puella
1103 2079 1206 2124 tibi.

131 2163 258 2218 Quid
285 2162 408 2224 petis
432 2178 459 2206 a
483 2160 711 2206 Phoebo?
746 2175 970 2204 nummos
992 2158 1139 2203 habet
1162 2173 1270 2203 arca
1295 2158 1570 2216 Minervae·
1593 2173 1616 2219 5

200 2243 337 2288 Haec
372 2242 511 2303 sapit,
549 2242 665 2287 haec
700 2255 865 2286 omnes
898 2240 1086 2286 fenelat
1119 2254 1217 2283 una
1251 2238 1374 2285 deos.

130 2322 265 2378 Quid
300 2326 502 2384 possunt
535 2320 740 2366 hederae
776 2319 953 2365 Bacchi
989 2319 1130 2365 dare?
1168 2296 1380 2364 Palladis
1414 2319 1555 2364 arbor

199 2402 412 2448 Inclinat
447 2400 606 2445 varias
641 2399 848 2460 pondeie
883 2399 1022 2459 nigla
1056 2413 1224 2444 comas.

136 2483 335 2528 Praeter
370 2496 518 2543 aquas
554 2480 763 2526 Helicon
797 2484 847 2524 et
882 2483 1011 2523 serta
1045 2477 1267 2538 lyrasque
1302 2478 1499 2524 dearum

200 2562 286 2607 Nil
324 2561 470 2606 habet
503 2566 553 2606 et
587 2575 847 2620 magnum„
867 2558 949 2603 sed
986 2557 1212 2618 perinane
1247 2557 1428 2617 sophos.
1564 2574 1620 2604 10
