1732 2959
692 120 819 169 LIB.
873 119 964 166 IX.

780 364 888 411 XO.

297 525 375 571 Sic
409 525 461 570 in
495 523 710 584 gramine
746 522 890 567 floreo
926 520 1131 577 reclinis,

297 604 404 660 Qua
437 602 792 664 gemmantibus
826 601 939 646 hinc
974 604 1023 646 et
1056 598 1169 644 inde
1202 597 1322 643 rivis

299 683 461 729 Curva
496 682 705 727 calculus
741 681 984 726 excitatur
1017 679 1160 734 unda,

298 760 520 807 Exclusis
555 759 721 821 procul
756 759 978 804 omnibus
1013 756 1242 813 molestis,

298 841 570 887 Pertundas
604 840 802 900 glaciem
840 839 1016 884 triente
1051 837 1203 897 nigro,

298 921 530 967 Frontem
565 919 792 964 sutilibus
827 919 973 963 ruber
1007 915 1221 962 coronis:

301 999 541 1044 Infamem
578 998 728 1043 nimio
763 997 917 1042 calore
955 995 1147 1056 Cypron

299 1080 548 1136 Observes,
587 1094 757 1124 moneo
792 1092 1068 1138 precorque,
1107 1074 1289 1129 Flacce,

300 1159 483 1205 Messes
518 1175 628 1205 area
663 1174 771 1203 cum
807 1161 932 1202 teret
967 1159 1217 1216 crepantes

300 1236 368 1282 Et
401 1235 595 1281 fervens
629 1234 743 1279 iuba
778 1232 959 1277 saeviet
994 1229 1156 1275 leonis.

301 1315 376 1360 At
410 1319 479 1370 tu,
517 1313 630 1358 diva
666 1311 836 1372 Paphi,
875 1310 1083 1365 remitte,
1121 1305 1299 1352 nostris

301 1396 527 1441 Illaesum
566 1408 770 1454 puerum
804 1390 998 1436 remitte
1033 1388 1173 1433 votis,

303 1476 380 1521 Sic
415 1474 594 1520 Martis
629 1473 720 1518 tibi
755 1472 973 1518 serviant
1011 1467 1262 1513 Kalendae

303 1556 369 1600 Et
404 1571 513 1600 cum
548 1560 657 1598 ture
693 1566 920 1612 meroque
955 1550 1249 1607 victimaque

299 1635 509 1690 Libetur
541 1633 636 1679 tibi
670 1631 896 1678 candidas
932 1630 992 1675 ad
1027 1644 1132 1673 aras

307 1713 445 1759 Secta
480 1712 689 1773 plurima
725 1709 910 1771 quadra
945 1708 1003 1753 de
1039 1707 1271 1767 placenta.

787 2011 922 2056 XCI.

111 2186 195 2232 Ad
230 2201 396 2232 cenam
430 2185 470 2230 si
506 2199 580 2229 me
616 2184 806 2229 diversa
840 2186 1033 2227 vocaret
1069 2181 1121 2225 in
1156 2184 1286 2225 astra

179 2264 313 2309 Hinc
346 2263 585 2308 invitator
620 2261 850 2317 Caesaris,
886 2260 999 2306 inde
1034 2259 1180 2316 Iovis,

113 2344 266 2390 Astra
299 2344 412 2389 licet
446 2343 657 2404 propius,
696 2341 888 2387 Palatia
924 2340 1114 2400 longius
1149 2341 1320 2393 essent,

180 2423 428 2484 Responsa
462 2423 523 2468 ad
559 2437 754 2483 superos
788 2421 904 2466 haec
938 2419 1189 2465 referenda
1224 2418 1415 2463 darem:

115 2502 384 2558 “Quaerite
420 2503 504 2562 qui
538 2502 678 2547 malit
711 2501 816 2546 fieri
852 2500 1055 2545 conviva
1091 2496 1355 2544 Tonantis:

180 2582 264 2628 Me
300 2598 433 2627 meus
467 2582 518 2626 in
553 2582 696 2627 terris
732 2580 967 2642 Iuppiter,
1005 2595 1124 2634 ecce,
1163 2575 1339 2622 tenet.''

1478 115 1565 161 121

1525 1239 1579 1270 10
