1732 2959
733 136 862 183 LIB.
911 134 1041 182 XII.
1533 137 1626 183 163

148 241 219 286 Tu
255 242 476 287 reducem
511 241 695 303 patriae
731 248 881 298 sexta,
918 246 1056 303 pater
1089 241 1282 302 optime,
1321 241 1489 286 bruma

214 321 408 366 Pacifici
442 320 586 366 Latia
619 321 782 366 reddis
816 321 877 366 ab
912 322 1031 366 urbe
1065 320 1269 365 Numae.

148 401 328 459 Cernis,
365 408 421 446 ut
456 401 676 447 Ausonio
711 401 884 447 similis
918 401 1008 447 tibi
1044 417 1218 462 pompa
1252 401 1450 446 macello

213 479 427 525 Pendeat
461 485 511 525 et
545 484 755 540 quantus
790 479 1069 524 luxurietur
1102 479 1285 525 honos?
1567 496 1622 525 10

148 558 303 613 Quam
339 575 436 603 non
467 574 609 619 parca
634 574 805 604 manus
830 559 1083 620 largaeque
1107 558 1396 604 nomismata
1419 574 1622 613 mensae,

213 637 359 694 Quae,
398 637 616 694 Saturne,
655 637 747 682 tibi
782 642 1188 698 pernumerentur
1222 639 1368 697 opes‘l

146 717 315 777 thue
349 716 413 761 sit
447 716 522 761 his
556 716 767 777 pretium
801 716 986 760 meritis
1021 723 1069 761 et
1104 716 1261 776 gratia
1296 716 1460 771 maior,

210 797 274 841 Et
309 804 446 857 pater
479 803 529 841 et
563 795 692 856 frugi
728 795 794 840 sic
828 800 914 840 tua
949 811 1082 840 sacra
1116 795 1242 840 colit.

146 878 215 921 At
249 882 305 922 tu
340 881 502 922 sancte
536 881 621 921 tuo
655 875 722 921 sic
757 891 943 936 semper
977 891 1135 920 amere
1172 875 1439 932 Decembri,
1566 889 1620 935 15

209 956 316 1001 Hos
350 955 423 1000 illi
457 956 620 1000 iubeas
655 971 793 1015 saepe
829 955 985 1000 redire
1021 955 1134 1000 dies.

782 1233 962 1279 LXVI

141 1387 224 1432 Bis
260 1387 609 1448 quinquagenis
645 1387 813 1432 domus
849 1392 921 1432 est
954 1386 1048 1432 tibi
1081 1385 1276 1431 milibus
1311 1392 1485 1446 empta,

211 1467 433 1512 Vendere
469 1483 613 1528 quam
650 1483 837 1512 summa
871 1467 948 1511 vel
983 1466 1200 1512 breviore
1235 1466 1381 1527 cupis.

142 1547 264 1592 Arte
299 1546 381 1592 sed
416 1552 679 1607 emptorem
715 1547 851 1591 vafra
886 1545 1165 1606 corrumpis,
1202 1545 1434 1601 Amoene,

205 1624 271 1669 Et
307 1641 411 1670 casa
447 1623 634 1669 divitiis
669 1624 926 1670 ambitiosa
959 1624 1093 1669 latet.

139 1703 451 1758 Gemmantes
483 1704 642 1764 prima
674 1703 865 1765 fulgent
898 1703 1143 1749 testudine
1178 1703 1303 1761 lecti,
1590 1717 1613 1763 5

205 1783 271 1828 Et
306 1782 605 1828 Maurusiaci
639 1783 851 1843 pondera
885 1798 995 1828 rara
1029 1783 1168 1841 citri,

138 1862 413 1922 Argentum
448 1869 592 1925 atque
627 1879 799 1908 aurum
832 1879 931 1909 non
954 1863 1160 1924 simplex
1184 1863 1420 1924 Delphica
1442 1868 1616 1924 portat,

206 1941 350 1986 Stant
382 1930 533 2002 pueri,
573 1942 789 1987 dominos
826 1957 944 2002 quos
979 1947 1150 2002 precer
1179 1957 1278 1987 esse
1315 1957 1454 1987 meos

140 2020 328 2066 Deinde
364 2020 571 2066 ducenta
606 2036 760 2077 sonas»,
797 2026 847 2067 et
881 2021 962 2078 aie,
1002 2037 1101 2067 non
1136 2037 1237 2068 esse
1271 2021 1481 2070 minoris,

203 2096 500 2142 Instructam
536 2096 624 2141 vili
658 2096 840 2153 vendis,
878 2096 1113 2153 Amoene,
1152 2098 1357 2144 domum.
1561 2114 1617 2142 10

768 2367 989 2414 LXXII.

138 2516 314 2576 Iugera
348 2523 587 2564 mercatus
619 2534 766 2580 prope
800 2520 944 2566 busta
978 2521 1176 2567 latentis
1211 2520 1352 2581 agelli

205 2595 271 2639 Et
305 2596 428 2641 male
463 2602 735 2658 compactae
770 2598 983 2644 culmina
1017 2600 1142 2644 fulta
1177 2615 1324 2658 casae,

1324 2701 1379 2747 ]].
1400 2702 1481 2746 -2
