<?xml version="1.0" encoding="UTF-8"?>
<!DOCTYPE html PUBLIC "-//W3C//DTD XHTML 1.0 Transitional//EN"
    "http://www.w3.org/TR/xhtml1/DTD/xhtml1-transitional.dtd">
<html xmlns="http://www.w3.org/1999/xhtml" xml:lang="en" lang="en">
 <head>
  <title>
</title>
<meta http-equiv="Content-Type" content="text/html;charset=utf-8" />
  <meta name='ocr-system' content='tesseract 3.04.00' />
  <meta name='ocr-capabilities' content='ocr_page ocr_carea ocr_par ocr_line ocrx_word'/>
</head>
<body>
  <div class='ocr_page' id='page_1' title='image "./selectepigramsfr00martrich/selectepigramsfr00martrich_0157.png"; bbox 0 0 1732 2959; ppageno 0'>
   <div class='ocr_carea' id='block_1_1' title="bbox 717 106 1562 162">
    <p class='ocr_par' dir='ltr' id='par_1_1' title="bbox 717 106 1562 162">
     <span class='ocr_line' id='line_1_1' title="bbox 717 106 1562 162; baseline -0.012 -1"><span class='ocrx_word' id='word_1_1' title='bbox 717 115 846 162; x_wconf 85' lang='lat' dir='ltr'><em>LIB.</em></span> <span class='ocrx_word' id='word_1_2' title='bbox 898 113 962 159; x_wconf 86' lang='grc' dir='ltr'>Χ.</span> <span class='ocrx_word' id='word_1_3' title='bbox 1477 106 1562 152; x_wconf 87' lang='grc'>131</span> 
     </span>
    </p>
   </div>
   <div class='ocr_carea' id='block_1_2' title="bbox 722 288 949 335">
    <p class='ocr_par' dir='ltr' id='par_1_2' title="bbox 722 288 949 335">
     <span class='ocr_line' id='line_1_2' title="bbox 722 288 949 335; baseline -0.009 0"><span class='ocrx_word' id='word_1_4' title='bbox 722 288 949 335; x_wconf 79' lang='lat' dir='ltr'>XXXV,</span> 
     </span>
    </p>
   </div>
   <div class='ocr_carea' id='block_1_3' title="bbox 228 407 1587 2069">
    <p class='ocr_par' dir='ltr' id='par_1_3' title="bbox 229 407 1141 471">
     <span class='ocr_line' id='line_1_3' title="bbox 229 407 1141 471; baseline -0.009 -11"><span class='ocrx_word' id='word_1_5' title='bbox 229 414 409 460; x_wconf 83' lang='lat' dir='ltr'>Omnes</span> <span class='ocrx_word' id='word_1_6' title='bbox 448 410 710 471; x_wconf 84' lang='lat' dir='ltr'>Sulpiciam</span> <span class='ocrx_word' id='word_1_7' title='bbox 745 409 908 470; x_wconf 85' lang='lat' dir='ltr'>legant</span> <span class='ocrx_word' id='word_1_8' title='bbox 941 407 1141 469; x_wconf 85' lang='lat' dir='ltr'>puellae,</span> 
     </span>
    </p>

    <p class='ocr_par' dir='ltr' id='par_1_4' title="bbox 228 489 1110 553">
     <span class='ocr_line' id='line_1_4' title="bbox 228 489 1110 553; baseline -0.009 -14"><span class='ocrx_word' id='word_1_9' title='bbox 228 493 335 540; x_wconf 90' lang='lat' dir='ltr'>Uni</span> <span class='ocrx_word' id='word_1_10' title='bbox 369 507 490 553; x_wconf 87' lang='lat' dir='ltr'>quae</span> <span class='ocrx_word' id='word_1_11' title='bbox 525 490 728 550; x_wconf 91' lang='lat' dir='ltr'>cupiunt</span> <span class='ocrx_word' id='word_1_12' title='bbox 763 490 866 534; x_wconf 87' lang='lat' dir='ltr'>viro</span> <span class='ocrx_word' id='word_1_13' title='bbox 901 489 1087 549; x_wconf 86' lang='lat' dir='ltr'>placere</span> <span class='ocrx_word' id='word_1_14' title='bbox 1097 503 1110 544; x_wconf 78' lang='lat'>3</span> 
     </span>
    </p>

    <p class='ocr_par' dir='ltr' id='par_1_5' title="bbox 229 565 1120 629">
     <span class='ocr_line' id='line_1_5' title="bbox 229 565 1120 629; baseline -0.008 -12"><span class='ocrx_word' id='word_1_15' title='bbox 229 572 408 618; x_wconf 85' lang='lat' dir='ltr'><strong>Omnes</strong></span> <span class='ocrx_word' id='word_1_16' title='bbox 445 568 707 629; x_wconf 79' lang='lat' dir='ltr'>Sulpiciam</span> <span class='ocrx_word' id='word_1_17' title='bbox 744 567 907 627; x_wconf 82' lang='lat' dir='ltr'>legant</span> <span class='ocrx_word' id='word_1_18' title='bbox 942 565 1120 617; x_wconf 84' lang='lat' dir='ltr'>mariti,</span> 
     </span>
    </p>

    <p class='ocr_par' dir='ltr' id='par_1_6' title="bbox 232 649 1144 712">
     <span class='ocr_line' id='line_1_6' title="bbox 232 649 1144 712; baseline -0.008 -14"><span class='ocrx_word' id='word_1_19' title='bbox 232 653 336 699; x_wconf 88' lang='lat' dir='ltr'>Uni</span> <span class='ocrx_word' id='word_1_20' title='bbox 371 651 456 712; x_wconf 90' lang='lat' dir='ltr'>qui</span> <span class='ocrx_word' id='word_1_21' title='bbox 491 650 695 710; x_wconf 84' lang='lat' dir='ltr'>cupiunt</span> <span class='ocrx_word' id='word_1_22' title='bbox 730 649 916 709; x_wconf 89' lang='lat' dir='ltr'>placere</span> <span class='ocrx_word' id='word_1_23' title='bbox 951 652 1144 708; x_wconf 81' lang='lat' dir='ltr'>nuptae.</span> 
     </span>
    </p>

    <p class='ocr_par' dir='ltr' id='par_1_7' title="bbox 230 726 1571 870">
     <span class='ocr_line' id='line_1_7' title="bbox 230 726 1571 782; baseline -0.01 -4"><span class='ocrx_word' id='word_1_24' title='bbox 230 731 345 778; x_wconf 91' lang='lat' dir='ltr'>Non</span> <span class='ocrx_word' id='word_1_25' title='bbox 379 730 495 775; x_wconf 86' lang='lat' dir='ltr'>haec</span> <span class='ocrx_word' id='word_1_26' title='bbox 531 727 783 776; x_wconf 83' lang='lat' dir='ltr'>Colchidos</span> <span class='ocrx_word' id='word_1_27' title='bbox 824 726 994 772; x_wconf 85' lang='lat' dir='ltr'>asserit</span> <span class='ocrx_word' id='word_1_28' title='bbox 1028 726 1254 779; x_wconf 84' lang='lat' dir='ltr'>furorem,</span> <span class='ocrx_word' id='word_1_29' title='bbox 1548 733 1571 782; x_wconf 89' lang='lat'>5</span> 
     </span>
     <span class='ocr_line' id='line_1_8' title="bbox 231 805 1180 870; baseline -0.006 -15"><span class='ocrx_word' id='word_1_30' title='bbox 231 809 343 856; x_wconf 88' lang='lat' dir='ltr'>Diri</span> <span class='ocrx_word' id='word_1_31' title='bbox 375 808 578 870; x_wconf 84' lang='lat' dir='ltr'>prandia</span> <span class='ocrx_word' id='word_1_32' title='bbox 612 823 699 853; x_wconf 89' lang='lat' dir='ltr'>nec</span> <span class='ocrx_word' id='word_1_33' title='bbox 733 805 882 851; x_wconf 79' lang='lat' dir='ltr'>refert</span> <span class='ocrx_word' id='word_1_34' title='bbox 918 805 1180 866; x_wconf 83' lang='lat' dir='ltr'>Thyestae3</span> 
     </span>
    </p>

    <p class='ocr_par' dir='ltr' id='par_1_8' title="bbox 233 884 1208 951">
     <span class='ocr_line' id='line_1_9' title="bbox 233 884 1208 951; baseline -0.008 -16"><span class='ocrx_word' id='word_1_35' title='bbox 233 889 455 951; x_wconf 83' lang='lat' dir='ltr'>Scyllam,</span> <span class='ocrx_word' id='word_1_36' title='bbox 496 887 704 949; x_wconf 84' lang='lat' dir='ltr'>Byblida</span> <span class='ocrx_word' id='word_1_37' title='bbox 739 902 826 931; x_wconf 88' lang='lat' dir='ltr'>nec</span> <span class='ocrx_word' id='word_1_38' title='bbox 861 885 1009 930; x_wconf 77' lang='lat' dir='ltr'>fuisse</span> <span class='ocrx_word' id='word_1_39' title='bbox 1045 884 1208 940; x_wconf 85' lang='lat' dir='ltr'>credit,</span> 
     </span>
    </p>

    <p class='ocr_par' dir='ltr' id='par_1_9' title="bbox 231 966 1144 1026">
     <span class='ocr_line' id='line_1_10' title="bbox 231 966 1144 1026; baseline -0.012 -7"><span class='ocrx_word' id='word_1_40' title='bbox 231 972 326 1019; x_wconf 87' lang='lat' dir='ltr'>Sed</span> <span class='ocrx_word' id='word_1_41' title='bbox 362 975 514 1017; x_wconf 88' lang='lat' dir='ltr'>castos</span> <span class='ocrx_word' id='word_1_42' title='bbox 549 969 689 1014; x_wconf 84' lang='lat' dir='ltr'>docet</span> <span class='ocrx_word' id='word_1_43' title='bbox 724 972 772 1012; x_wconf 90' lang='lat' dir='ltr'>et</span> <span class='ocrx_word' id='word_1_44' title='bbox 807 966 911 1026; x_wconf 86' lang='lat' dir='ltr'>pios</span> <span class='ocrx_word' id='word_1_45' title='bbox 946 980 1144 1019; x_wconf 83' lang='lat' dir='ltr'>amores,</span> 
     </span>
    </p>

    <p class='ocr_par' dir='ltr' id='par_1_10' title="bbox 232 1045 973 1108">
     <span class='ocr_line' id='line_1_11' title="bbox 232 1045 973 1108; baseline -0.012 -11"><span class='ocrx_word' id='word_1_46' title='bbox 232 1051 404 1108; x_wconf 82' lang='lat' dir='ltr'><strong>Lusus,</strong></span> <span class='ocrx_word' id='word_1_47' title='bbox 442 1048 635 1094; x_wconf 86' lang='lat' dir='ltr'>delicias</span> <span class='ocrx_word' id='word_1_48' title='bbox 669 1045 973 1105; x_wconf 67' lang='lat' dir='ltr'>facetiasque,</span> 
     </span>
    </p>

    <p class='ocr_par' dir='ltr' id='par_1_11' title="bbox 233 1121 1579 1256">
     <span class='ocr_line' id='line_1_12' title="bbox 234 1121 1579 1188; baseline -0.01 -12"><span class='ocrx_word' id='word_1_49' title='bbox 234 1131 382 1178; x_wconf 84' lang='lat' dir='ltr'>Cuius</span> <span class='ocrx_word' id='word_1_50' title='bbox 419 1129 631 1174; x_wconf 87' lang='lat' dir='ltr'>carmina</span> <span class='ocrx_word' id='word_1_51' title='bbox 666 1126 750 1188; x_wconf 91' lang='lat' dir='ltr'>qui</span> <span class='ocrx_word' id='word_1_52' title='bbox 783 1126 905 1170; x_wconf 88' lang='lat' dir='ltr'>bene</span> <span class='ocrx_word' id='word_1_53' title='bbox 940 1121 1222 1176; x_wconf 85' lang='lat' dir='ltr'>aestimarit,</span> <span class='ocrx_word' id='word_1_54' title='bbox 1524 1134 1579 1163; x_wconf 92' lang='lat'>10</span> 
     </span>
     <span class='ocr_line' id='line_1_13' title="bbox 233 1203 1124 1256; baseline -0.011 0"><span class='ocrx_word' id='word_1_55' title='bbox 233 1210 435 1256; x_wconf 81' lang='lat' dir='ltr'>Nullam</span> <span class='ocrx_word' id='word_1_56' title='bbox 471 1207 650 1253; x_wconf 84' lang='lat' dir='ltr'>dixerit</span> <span class='ocrx_word' id='word_1_57' title='bbox 686 1221 786 1251; x_wconf 90' lang='lat' dir='ltr'>esse</span> <span class='ocrx_word' id='word_1_58' title='bbox 822 1203 1124 1255; x_wconf 76' lang='lat' dir='ltr'>sanctiorem,</span> 
     </span>
    </p>

    <p class='ocr_par' dir='ltr' id='par_1_12' title="bbox 234 1283 1116 1344">
     <span class='ocr_line' id='line_1_14' title="bbox 234 1283 1116 1344; baseline -0.01 -8"><span class='ocrx_word' id='word_1_59' title='bbox 234 1289 434 1336; x_wconf 88' lang='lat' dir='ltr'>Nullam</span> <span class='ocrx_word' id='word_1_60' title='bbox 472 1287 650 1332; x_wconf 82' lang='lat' dir='ltr'>dixerit</span> <span class='ocrx_word' id='word_1_61' title='bbox 685 1300 786 1331; x_wconf 90' lang='lat' dir='ltr'>esse</span> <span class='ocrx_word' id='word_1_62' title='bbox 821 1283 1116 1344; x_wconf 87' lang='lat' dir='ltr'>nequiorem.</span> 
     </span>
    </p>

    <p class='ocr_par' dir='ltr' id='par_1_13' title="bbox 234 1365 953 1428">
     <span class='ocr_line' id='line_1_15' title="bbox 234 1365 953 1428; baseline -0.01 -13"><span class='ocrx_word' id='word_1_63' title='bbox 234 1369 371 1415; x_wconf 88' lang='lat' dir='ltr'>Tales</span> <span class='ocrx_word' id='word_1_64' title='bbox 407 1367 609 1428; x_wconf 84' lang='lat' dir='ltr'>Egeriae</span> <span class='ocrx_word' id='word_1_65' title='bbox 643 1366 771 1411; x_wconf 89' lang='lat' dir='ltr'>iocos</span> <span class='ocrx_word' id='word_1_66' title='bbox 807 1365 953 1409; x_wconf 77' lang='lat' dir='ltr'>fuisse</span> 
     </span>
    </p>

    <p class='ocr_par' dir='ltr' id='par_1_14' title="bbox 235 1444 1214 1497">
     <span class='ocr_line' id='line_1_16' title="bbox 235 1444 1214 1497; baseline -0.011 0"><span class='ocrx_word' id='word_1_67' title='bbox 235 1451 351 1497; x_wconf 86' lang='lat' dir='ltr'>Udo</span> <span class='ocrx_word' id='word_1_68' title='bbox 387 1448 668 1495; x_wconf 87' lang='lat' dir='ltr'>crediderim</span> <span class='ocrx_word' id='word_1_69' title='bbox 705 1445 898 1491; x_wconf 88' lang='lat' dir='ltr'>Numae</span> <span class='ocrx_word' id='word_1_70' title='bbox 934 1444 1023 1489; x_wconf 89' lang='lat' dir='ltr'>sub</span> <span class='ocrx_word' id='word_1_71' title='bbox 1060 1447 1214 1487; x_wconf 90' lang='lat' dir='ltr'>antro.</span> 
     </span>
    </p>

    <p class='ocr_par' dir='ltr' id='par_1_15' title="bbox 238 1522 1580 1666">
     <span class='ocr_line' id='line_1_17' title="bbox 238 1522 1580 1588; baseline -0.011 -12"><span class='ocrx_word' id='word_1_72' title='bbox 238 1530 348 1576; x_wconf 91' lang='lat' dir='ltr'>Hac</span> <span class='ocrx_word' id='word_1_73' title='bbox 383 1527 708 1588; x_wconf 88' lang='lat' dir='ltr'>condiscipula</span> <span class='ocrx_word' id='word_1_74' title='bbox 745 1526 820 1570; x_wconf 88' lang='lat' dir='ltr'>vel</span> <span class='ocrx_word' id='word_1_75' title='bbox 855 1525 945 1570; x_wconf 90' lang='lat' dir='ltr'>hac</span> <span class='ocrx_word' id='word_1_76' title='bbox 980 1522 1210 1583; x_wconf 82' lang='lat' dir='ltr'>magistra</span> <span class='ocrx_word' id='word_1_77' title='bbox 1528 1532 1580 1578; x_wconf 85' lang='lat'>15</span> 
     </span>
     <span class='ocr_line' id='line_1_18' title="bbox 238 1603 1164 1666; baseline -0.008 -11"><span class='ocrx_word' id='word_1_78' title='bbox 238 1610 381 1655; x_wconf 84' lang='lat' dir='ltr'>Esses</span> <span class='ocrx_word' id='word_1_79' title='bbox 417 1607 601 1654; x_wconf 75' lang='lat' dir='ltr'>doctior</span> <span class='ocrx_word' id='word_1_80' title='bbox 635 1612 685 1652; x_wconf 88' lang='lat' dir='ltr'>et</span> <span class='ocrx_word' id='word_1_81' title='bbox 719 1604 909 1666; x_wconf 86' lang='lat' dir='ltr'>pudica,</span> <span class='ocrx_word' id='word_1_82' title='bbox 950 1603 1164 1663; x_wconf 84' lang='lat' dir='ltr'>Sappho:</span> 
     </span>
    </p>

    <p class='ocr_par' dir='ltr' id='par_1_16' title="bbox 238 1680 1208 1747">
     <span class='ocr_line' id='line_1_19' title="bbox 238 1680 1208 1747; baseline -0.011 -13"><span class='ocrx_word' id='word_1_83' title='bbox 238 1688 330 1734; x_wconf 90' lang='lat' dir='ltr'>Sed</span> <span class='ocrx_word' id='word_1_84' title='bbox 365 1692 525 1732; x_wconf 87' lang='lat' dir='ltr'>tecum</span> <span class='ocrx_word' id='word_1_85' title='bbox 560 1685 743 1747; x_wconf 82' lang='lat' dir='ltr'>pariter</span> <span class='ocrx_word' id='word_1_86' title='bbox 778 1682 1018 1743; x_wconf 90' lang='lat' dir='ltr'>simulque</span> <span class='ocrx_word' id='word_1_87' title='bbox 1054 1680 1208 1725; x_wconf 88' lang='lat' dir='ltr'>visam</span> 
     </span>
    </p>

    <p class='ocr_par' dir='ltr' id='par_1_17' title="bbox 240 1764 1140 1827">
     <span class='ocr_line' id='line_1_20' title="bbox 240 1764 1140 1827; baseline -0.011 -13"><span class='ocrx_word' id='word_1_88' title='bbox 240 1769 404 1814; x_wconf 87' lang='lat' dir='ltr'>Durus</span> <span class='ocrx_word' id='word_1_89' title='bbox 440 1767 703 1827; x_wconf 89' lang='lat' dir='ltr'>Sulpiciam</span> <span class='ocrx_word' id='word_1_90' title='bbox 738 1764 908 1810; x_wconf 84' lang='lat' dir='ltr'>Phaon</span> <span class='ocrx_word' id='word_1_91' title='bbox 944 1765 1140 1807; x_wconf 81' lang='lat' dir='ltr'>amarat.</span> 
     </span>
    </p>

    <p class='ocr_par' dir='ltr' id='par_1_18' title="bbox 239 1840 1359 1907">
     <span class='ocr_line' id='line_1_21' title="bbox 239 1840 1359 1907; baseline -0.012 -12"><span class='ocrx_word' id='word_1_92' title='bbox 239 1850 463 1895; x_wconf 85' lang='lat' dir='ltr'>Frustra:</span> <span class='ocrx_word' id='word_1_93' title='bbox 498 1861 706 1907; x_wconf 89' lang='lat' dir='ltr'>namque</span> <span class='ocrx_word' id='word_1_94' title='bbox 743 1861 798 1890; x_wconf 91' lang='lat' dir='ltr'>ea</span> <span class='ocrx_word' id='word_1_95' title='bbox 830 1859 918 1889; x_wconf 91' lang='lat' dir='ltr'>nec</span> <span class='ocrx_word' id='word_1_96' title='bbox 953 1840 1186 1887; x_wconf 86' lang='lat' dir='ltr'>Tonantis</span> <span class='ocrx_word' id='word_1_97' title='bbox 1222 1854 1359 1894; x_wconf 78' lang='lat' dir='ltr'>uxor,</span> 
     </span>
    </p>

    <p class='ocr_par' dir='ltr' id='par_1_19' title="bbox 241 1919 1587 2069">
     <span class='ocr_line' id='line_1_22' title="bbox 241 1919 1587 1984; baseline -0.01 -10"><span class='ocrx_word' id='word_1_98' title='bbox 241 1927 346 1973; x_wconf 86' lang='lat' dir='ltr'>Nec</span> <span class='ocrx_word' id='word_1_99' title='bbox 382 1926 571 1982; x_wconf 85' lang='lat' dir='ltr'>Bacchi,</span> <span class='ocrx_word' id='word_1_100' title='bbox 608 1940 696 1970; x_wconf 90' lang='lat' dir='ltr'>nec</span> <span class='ocrx_word' id='word_1_101' title='bbox 730 1921 978 1984; x_wconf 89' lang='lat' dir='ltr'>Apollinis</span> <span class='ocrx_word' id='word_1_102' title='bbox 1013 1919 1177 1982; x_wconf 91' lang='lat' dir='ltr'>puella</span> <span class='ocrx_word' id='word_1_103' title='bbox 1529 1932 1587 1960; x_wconf 92' lang='lat'>20</span> 
     </span>
     <span class='ocr_line' id='line_1_23' title="bbox 241 2003 998 2069; baseline -0.008 -15"><span class='ocrx_word' id='word_1_104' title='bbox 241 2009 421 2069; x_wconf 81' lang='lat' dir='ltr'>Erepto</span> <span class='ocrx_word' id='word_1_105' title='bbox 455 2007 548 2053; x_wconf 88' lang='lat' dir='ltr'>sibi</span> <span class='ocrx_word' id='word_1_106' title='bbox 584 2006 770 2051; x_wconf 88' lang='lat' dir='ltr'>viveret</span> <span class='ocrx_word' id='word_1_107' title='bbox 807 2003 998 2050; x_wconf 83' lang='lat' dir='ltr'>Caleno.</span> 
     </span>
    </p>
   </div>
   <div class='ocr_carea' id='block_1_4' title="bbox 703 2232 994 2281">
    <p class='ocr_par' dir='ltr' id='par_1_20' title="bbox 703 2232 994 2281">
     <span class='ocr_line' id='line_1_24' title="bbox 703 2232 994 2281; baseline -0.01 0"><span class='ocrx_word' id='word_1_108' title='bbox 703 2232 994 2281; x_wconf 88' lang='lat' dir='ltr'>XXXVII.</span> 
     </span>
    </p>
   </div>
   <div class='ocr_carea' id='block_1_5' title="bbox 176 2353 1420 2580">
    <p class='ocr_par' dir='ltr' id='par_1_21' title="bbox 176 2353 1420 2580">
     <span class='ocr_line' id='line_1_25' title="bbox 176 2353 1420 2425; baseline -0.014 -13"><span class='ocrx_word' id='word_1_109' title='bbox 176 2366 306 2412; x_wconf 89' lang='lat' dir='ltr'>Iuris</span> <span class='ocrx_word' id='word_1_110' title='bbox 341 2371 390 2411; x_wconf 86' lang='lat' dir='ltr'>et</span> <span class='ocrx_word' id='word_1_111' title='bbox 423 2378 686 2425; x_wconf 87' lang='lat' dir='ltr'>aequarum</span> <span class='ocrx_word' id='word_1_112' title='bbox 721 2361 878 2407; x_wconf 87' lang='lat' dir='ltr'>cultor</span> <span class='ocrx_word' id='word_1_113' title='bbox 912 2356 1212 2404; x_wconf 88' lang='lat' dir='ltr'>sanctissime</span> <span class='ocrx_word' id='word_1_114' title='bbox 1249 2353 1420 2413; x_wconf 82' lang='lat' dir='ltr'>legum,</span> 
     </span>
     <span class='ocr_line' id='line_1_26' title="bbox 242 2433 1309 2498; baseline -0.014 -10"><span class='ocrx_word' id='word_1_115' title='bbox 242 2441 471 2487; x_wconf 88' lang='lat' dir='ltr'>Veridico</span> <span class='ocrx_word' id='word_1_116' title='bbox 507 2439 705 2484; x_wconf 88' lang='lat' dir='ltr'>Latium</span> <span class='ocrx_word' id='word_1_117' title='bbox 740 2436 825 2498; x_wconf 90' lang='lat' dir='ltr'>qui</span> <span class='ocrx_word' id='word_1_118' title='bbox 859 2434 984 2495; x_wconf 86' lang='lat' dir='ltr'>regis</span> <span class='ocrx_word' id='word_1_119' title='bbox 1019 2448 1102 2479; x_wconf 90' lang='lat' dir='ltr'>ore</span> <span class='ocrx_word' id='word_1_120' title='bbox 1140 2433 1309 2485; x_wconf 84' lang='lat' dir='ltr'>forum,</span> 
     </span>
     <span class='ocr_line' id='line_1_27' title="bbox 179 2507 1297 2580; baseline -0.012 -15"><span class='ocrx_word' id='word_1_121' title='bbox 179 2518 433 2580; x_wconf 87' lang='lat' dir='ltr'>Municipi,</span> <span class='ocrx_word' id='word_1_122' title='bbox 470 2518 708 2573; x_wconf 83' lang='lat' dir='ltr'>Materne,</span> <span class='ocrx_word' id='word_1_123' title='bbox 742 2522 829 2561; x_wconf 90' lang='lat' dir='ltr'>tuo</span> <span class='ocrx_word' id='word_1_124' title='bbox 864 2514 1111 2573; x_wconf 81' lang='lat' dir='ltr'>veterique</span> <span class='ocrx_word' id='word_1_125' title='bbox 1147 2507 1297 2555; x_wconf 74' lang='lat' dir='ltr'>sodali</span> 
     </span>
    </p>
   </div>
   <div class='ocr_carea' id='block_1_6' title="bbox 244 2592 1457 2714">
    <p class='ocr_par' dir='ltr' id='par_1_22' title="bbox 244 2592 1457 2714">
     <span class='ocr_line' id='line_1_28' title="bbox 244 2592 1326 2656; baseline -0.014 -9"><span class='ocrx_word' id='word_1_126' title='bbox 244 2600 505 2648; x_wconf 74' lang='lat' dir='ltr'>Callaicum</span> <span class='ocrx_word' id='word_1_127' title='bbox 540 2598 740 2643; x_wconf 85' lang='lat' dir='ltr'>mandas</span> <span class='ocrx_word' id='word_1_128' title='bbox 774 2594 935 2656; x_wconf 87' lang='lat' dir='ltr'>siquid</span> <span class='ocrx_word' id='word_1_129' title='bbox 969 2593 1031 2639; x_wconf 90' lang='lat' dir='ltr'>ad</span> <span class='ocrx_word' id='word_1_130' title='bbox 1068 2592 1326 2642; x_wconf 88' lang='lat' dir='ltr'>Oceanum,</span> 
     </span>
     <span class='ocr_line' id='line_1_29' title="bbox 1333 2669 1457 2714; baseline -0.008 0"><span class='ocrx_word' id='word_1_131' title='bbox 1333 2669 1457 2714; x_wconf 85' lang='lat'>9—-2</span> 
     </span>
    </p>
   </div>
  </div>
 </body>
</html>
