1732 2959
657 122 1043 170 MARTIALIS

240 232 386 278 Illinc
419 231 602 277 balucis
637 229 888 275 malleator
923 229 1175 290 Hispanae

238 311 427 357 Tritum
464 311 642 356 nitenti
677 310 803 355 fuste
842 309 1062 354 verberat
1097 324 1279 353 saxum.

239 389 290 435 N
293 405 344 436 ec
378 390 524 435 turba
558 394 711 434 cessat
746 388 974 433 entheata
1009 387 1252 442 Bellonae,

239 468 345 515 Neo
378 470 576 514 fasciato
611 468 873 529 naufragus
908 467 1086 528 loquax
1121 472 1305 521 trunco,

241 552 291 594 A
326 554 480 594 matre
516 548 685 594 doctus
720 564 806 593 nec
841 563 1007 608 rogare
1042 546 1265 603 Iudaeus,

241 629 345 675 Nec
380 628 696 689 sulphuratae
731 628 892 689 lippus
926 628 1124 673 institor
1159 626 1341 672 mercis.

240 709 510 755 Numerare
545 709 670 770 pigri
705 709 882 755 damna
916 709 1000 769 qui
1034 713 1195 769 potest
1230 706 1397 762 somni,

242 788 386 834 Dicet
421 794 539 849 quot
575 805 686 834 aera
720 789 977 833 verberent
1011 803 1182 832 manus
1217 786 1366 843 urbis,

242 867 365 913 Cum
401 874 527 912 secta
565 867 741 913 Colcho
777 867 915 912 Luna
949 866 1150 927 vapulat
1183 865 1398 911 rhombo.

240 948 328 1005 Tu,
367 946 554 1008 Sparse,
592 947 749 992 nescis
782 946 889 1003 ista,
928 961 1015 990 nec
1049 950 1186 1006 potes
1222 945 1355 1000 scire,

242 1027 497 1073 Petilianis
532 1027 764 1074 delicatus
798 1026 851 1071 in
886 1026 1059 1086 regnis,

243 1106 335 1152 Cui
370 1106 513 1167 plana
547 1121 758 1152 summos
793 1105 995 1166 despicit
1029 1105 1200 1150 domus
1236 1109 1436 1159 montes,

243 1187 307 1232 Et
341 1203 423 1232 rus
457 1187 510 1232 in
544 1187 663 1232 urbe
700 1194 773 1232 est
808 1187 1087 1246 vinitorque
1124 1185 1384 1230 Romanus

243 1266 347 1312 Nec
382 1266 434 1311 in
472 1266 676 1311 Falerno
713 1266 831 1311 colle
866 1265 1020 1310 maior
1053 1272 1356 1320 auctumnus,

244 1346 482 1407 Intraque
517 1346 668 1392 limen
703 1346 864 1392 clusus
899 1345 1064 1391 essedo
1099 1360 1278 1401 cursus,

244 1426 310 1472 Et
344 1426 395 1471 in
431 1425 669 1486 profundo
704 1440 913 1481 somnus,
950 1429 999 1468 et
1033 1424 1169 1485 quies
1202 1422 1349 1467 nullis

246 1504 442 1551 Offensa
475 1505 685 1566 linguis3
732 1520 820 1550 nec
856 1504 956 1549 dies
990 1503 1086 1548 nisi
1120 1502 1366 1548 admissus.

244 1584 348 1630 Nos
382 1583 684 1630 transeuntis
718 1583 843 1628 risus
878 1583 1063 1628 excitat
1097 1581 1282 1637 turbae,

246 1665 311 1710 Et
345 1665 402 1710 ad
441 1665 597 1710 cubile
633 1669 705 1710 est
741 1664 909 1710 Roma.
982 1663 1158 1709 Taedio
1193 1661 1329 1707 fessis

246 1745 471 1791 Dormire
507 1744 729 1806 quotiens
763 1743 921 1800 libuit,
961 1743 1087 1788 imus
1121 1742 1181 1787 ad
1217 1740 1394 1786 villam.

772 2025 940 2072 LXII.

1529 322 1586 352 10

1529 1119 1587 1147 20

119 2186 328 2246 Antiqui
362 2201 447 2231 rex
483 2202 655 2247 magne
691 2187 788 2248 poli
823 2187 1087 2248 mundique
1122 2188 1306 2248 prioris,

183 2264 284 2310 Sub
318 2281 412 2325 quo
447 2265 584 2326 pigra
618 2266 753 2326 quies
788 2282 875 2311 nec
910 2267 1044 2312 labor
1077 2266 1206 2311 ullus
1241 2270 1358 2322 erat,

118 2343 168 2389 N
172 2359 222 2389 ec
256 2343 414 2404 regale
448 2344 592 2389 nimis
627 2344 811 2389 fulmen
847 2361 935 2390 nec
970 2344 1171 2390 fulmine
1206 2344 1353 2404 digni,

185 2421 339 2468 Scissa
373 2438 460 2468 nec
494 2423 555 2468 ad
590 2423 775 2481 Manes,
813 2424 896 2469 sed
930 2424 1022 2469 sibi
1056 2424 1190 2468 dives
1224 2424 1431 2468 humus:

121 2501 301 2547 Laetus
336 2502 396 2547 ad
430 2502 548 2547 haec
582 2502 831 2563 facilisque
865 2503 978 2548 veni
1013 2502 1243 2548 solemnia
1279 2502 1434 2548 Prisci

188 2582 407 2629 Gaudia:
454 2597 562 2627 cum
599 2582 743 2627 sacris
777 2587 826 2627 te
861 2581 998 2628 decet
1031 2597 1131 2627 esse
1166 2583 1275 2627 tuis.
