1732 2959
652 139 782 186 LIB.
844 132 987 183 VIII.
1495 124 1553 169 97

775 297 869 345 VI.
903 311 942 332 v>

150 415 445 478 Archetypis
479 411 635 460 vetuli
667 407 790 455 nihil
825 411 898 452 est
933 401 1142 449 odiosius
1177 396 1324 445 Eucti

217 496 422 541 —Ficta
457 488 728 551 Saguntino
763 484 953 545 cymbia
986 480 1114 526 malo
1148 479 1331 532 luto—-,

155 574 364 637 Argenti
397 572 582 617 fumosa
615 567 691 613 sui
725 581 834 610 cum
869 566 1126 609 stemmata
1159 559 1326 603 narrat

223 653 460 703 Garrulus
495 655 545 696 et
578 647 740 694 verbis
773 643 967 690 mucida
1001 641 1116 686 vina
1149 636 1278 683 facit.

159 734 578 784 ‘Laomedonteae
612 728 809 774 fuerant
843 724 959 769 haec
993 719 1164 783 pocula
1196 729 1415 762 mensae:
1543 723 1565 771 5

224 816 394 862 Ferret
427 817 485 857 ut
519 810 649 865 haec,
687 820 848 851 muros
883 800 1066 848 struxit
1102 796 1282 859 Apollo
1316 794 1435 854 lyra.

159 897 268 943 Hoc
302 897 483 941 cratere
518 890 653 935 ferox
687 882 926 932 commisit
959 878 1141 942 praelia
1174 876 1399 922 Rhoecus

227 976 350 1022 Cum
385 968 636 1032 Lapithis:
682 980 845 1027 pugna
879 960 1035 1007 debile
1069 956 1224 1004 cernis
1259 970 1389 1016 opus.

162 1055 235 1101 Hi
269 1053 363 1098 duo
395 1050 628 1110 longaevo
662 1048 920 1091 censentur
953 1038 1162 1084 Nestore
1194 1033 1364 1080 fundi:

227 1134 408 1180 Pollice
443 1130 502 1176 de
537 1126 680 1188 Pylio
713 1124 834 1170 trita
868 1119 1088 1166 columba
1122 1117 1260 1162 nitet.
1520 1124 1576 1155 10

164 1215 263 1261 Hic
299 1210 506 1273 scyphus
540 1211 626 1262 est,
663 1204 717 1249 in
751 1217 846 1264 quo
881 1197 1071 1245 misceri
1106 1195 1247 1242 iussit
1281 1190 1446 1238 amicis

231 1290 437 1351 Largius
472 1284 708 1333 Aeacides
742 1279 1052 1339 vividiusque
1085 1289 1285 1321 merum.

167 1374 276 1421 Hac
311 1367 591 1434 propinavit
627 1363 786 1410 Bitiae
821 1358 1145 1422 pulcherrima
1179 1353 1310 1401 Dido

232 1452 295 1498 In
329 1455 509 1512 patera,
548 1443 764 1505 Phrygio
800 1456 909 1486 cum
944 1438 1057 1483 data
1091 1449 1208 1481 cena
1242 1433 1347 1477 viro
1384 1429 1500 1476 est.''

168 1533 270 1579 Mi1
272 1537 380 1576 atus
414 1526 563 1574 fueris
597 1539 707 1570 cum
739 1521 895 1584 prisca
925 1520 1197 1564 toreumata
1227 1512 1450 1567 multum,
1525 1520 1580 1568 15

239 1612 303 1656 In
340 1607 526 1654 Priami
560 1603 763 1651 calathis
799 1602 1102 1660 Astyanacta
1136 1595 1285 1641 bibes.

783 1748 906 1796 VII.

178 1870 288 1915 Hoc
322 1881 461 1928 agere
497 1868 571 1909 est
603 1875 784 1917 causas,
819 1858 909 1902 hoc
943 1854 1112 1909 dicere,
1152 1850 1320 1907 Cinna,
1359 1847 1535 1892 diserte

244 1947 411 2004 Horis,
453 1943 622 1998 Cinna,
662 1940 825 1985 decem
860 1937 1016 1981 dicere
1051 1931 1201 1977 verba
1234 1928 1445 1974 novem‘l

178 2027 269 2073 Sed
305 2024 447 2071 modo
482 2019 755 2083 clepsydras
788 2014 976 2077 ingenti
1011 2027 1126 2057 voce
1160 2008 1327 2071 petisti

245 2107 499 2162 Quattuor.
574 2101 616 2147 O
652 2102 903 2162 quantum,
946 2094 1115 2150 Cinna,
1152 2096 1310 2137 tacere
1344 2091 1478 2149 potes
1503 2088 1512 2131 1

784 2241 933 2288 XIV.
973 2252 977 2275 '-

253 2358 438 2404 Pallida
471 2372 532 2401 ne
569 2353 776 2400 Cilicum
810 2350 1017 2396 timeant
1050 2343 1266 2407 pomaria
1297 2341 1519 2386 brumam

317 2437 542 2484 Mordeat
576 2440 625 2480 et
659 2438 882 2478 tenerum
915 2425 1085 2473 fortior
1120 2438 1236 2468 aura
1270 2433 1452 2473 nemus,

252 2516 489 2565 Hibernis
523 2514 710 2560 obiecta
743 2509 872 2555 notis
907 2504 1171 2567 specularia
1203 2513 1348 2562 puros

327 2594 610 2642 Admittunt
644 2590 766 2638 soles
799 2593 848 2634 et
883 2587 985 2632 sine
1019 2585 1146 2629 faece
1181 2580 1320 2624 diem.

255 2701 306 2734 M.
1446 2682 1457 2712 d
