1732 2959
458 691 527 743 M.
580 687 737 739 VAL.
791 681 1199 736 MARTIALIS

345 833 1287 904 EPIGRAMMATON

612 999 853 1047 LIBER
901 995 1042 1042 XII.

450 1227 544 1274 Val.
585 1226 834 1272 Martialis
869 1224 1034 1270 Prisco
1068 1238 1153 1269 suo
1188 1221 1234 1269 S.

198 1356 312 1402 Selo
347 1370 424 1399 me
458 1353 781 1415 patrocinium
817 1352 989 1398 debere
1024 1346 1471 1395 contumacissimae
1498 1344 1582 1389 tri-

99 1436 211 1483 enni
247 1434 457 1481 desidiae
474 1451 487 1492 3
535 1449 629 1494 quo
663 1431 955 1478 absolvenda
1000 1446 1099 1475 non
1144 1433 1267 1474 esset
1300 1428 1429 1472 inter
1474 1424 1583 1469 illas

100 1531 289 1577 quoque
323 1514 512 1559 urbicas
548 1512 894 1573 occupationes,
923 1510 1098 1571 quibus
1123 1508 1315 1554 facilius
1339 1503 1582 1565 consequi·

100 1610 221 1650 mur,
241 1598 300 1638 ut
324 1591 516 1638 molesti
531 1591 704 1652 potius,
727 1606 867 1651 quam
896 1594 953 1634 ut
977 1588 1171 1634 officiosi
1192 1602 1291 1632 esse
1310 1586 1560 1631 videamur
1571 1598 1584 1639 3

102 1673 280 1718 nedum
325 1671 376 1716 in
413 1671 502 1716 hac
537 1669 823 1729 provinciali
857 1667 1130 1722 solitudine,
1168 1665 1255 1711 ubi
1299 1664 1394 1709 nisi
1439 1662 1586 1708 etiam
1644 1677 1668 1724 5

104 1754 486 1813 intemperanter
521 1751 786 1806 studemus,
814 1755 863 1795 et
899 1749 1000 1794 sine
1036 1747 1206 1793 solatio
1242 1751 1292 1792 et
1315 1745 1418 1790 sine
1442 1758 1584 1788 excu-

106 1834 291 1880 satione
315 1832 603 1878 secessimus.
669 1830 850 1891 Accipe
874 1844 985 1889 ergo
1009 1827 1270 1884 rationem3
1305 1825 1359 1870 in
1383 1839 1478 1884 qua
1501 1823 1589 1866 hoc

105 1914 373 1958 maximum
409 1916 459 1956 et
492 1911 705 1972 primum
730 1916 813 1969 est,
843 1908 973 1970 quod
998 1907 1212 1952 civitatis
1236 1920 1389 1961 aures,
1414 1902 1591 1964 quibus

107 2007 425 2049 assueveram,
471 2005 663 2051 quaero,
713 1995 761 2035 et
808 1988 975 2034 videor
1021 1985 1141 2031 mihi
1187 1985 1240 2030 in
1285 1985 1441 2029 alieno
1486 1981 1591 2027 foro

108 2072 316 2133 litigare.
387 2071 438 2117 Si
496 2071 612 2131 quid
665 2074 737 2115 est
784 2069 927 2124 enim,
979 2067 1107 2129 quod
1155 2066 1207 2110 in
1253 2063 1429 2109 libellis
1474 2061 1593 2107 meis
1620 2076 1677 2106 10

110 2152 309 2213 placeat,
337 2151 540 2197 dictavit
574 2150 780 2199 auditor.
853 2148 998 2194 Illam
1032 2147 1321 2192 iudiciorum
1358 2142 1595 2189 subtilita-

111 2237 224 2286 tem,
250 2229 372 2275 illud
404 2230 714 2275 materiarum
745 2229 1008 2288 ingenium,
1038 2224 1363 2280 bibliothecas,
1390 2222 1592 2277 theatra,

112 2310 376 2367 convictus,
396 2309 449 2354 in
475 2310 650 2370 quibus
674 2308 867 2354 studere
882 2323 931 2353 se
955 2307 1232 2367 voluptates
1246 2319 1345 2349 non
1360 2302 1592 2356 sentiunt,

115 2389 176 2435 ad
223 2402 460 2432 summam
495 2388 710 2432 omnium
757 2386 856 2442 illa,
894 2400 1016 2446 quae
1058 2381 1254 2428 delicati
1297 2379 1595 2439 reliquimus,

117 2467 442 2514 desideramus
465 2467 602 2527 quasi
617 2464 854 2511 destituti.
914 2462 1120 2509 Accedit
1138 2460 1214 2506 his
1232 2456 1600 2518 municipalium
1627 2469 1680 2516 15

118 2547 289 2608 rubigo
325 2545 544 2591 dentium
580 2553 629 2590 et
663 2544 813 2589 iudici
845 2543 948 2589 loco
983 2543 1121 2599 livor,
1149 2548 1198 2587 et
1220 2556 1346 2586 unus
1370 2545 1455 2584 aut
1478 2537 1601 2582 alter
