1732 2959
703 119 831 166 LIB.
883 120 1006 166 XII.
1502 124 1587 170 161

185 226 347 283 Ridet,
385 231 434 272 et
470 226 644 272 Iliacos
679 227 816 271 audit
851 225 1104 272 Menelaus
1138 243 1352 274 amores:

250 305 480 351 Absolvit
514 304 782 365 Phrygium
817 311 979 353 vestra
1012 308 1182 367 rapina
1216 308 1393 355 Parim.
1538 327 1594 355 10

185 384 445 445 Accipient
480 384 591 428 olim
631 400 741 429 cum
778 395 823 430 te
859 385 962 430 loca
996 386 1124 431 laeta
1156 385 1359 447 piorum,

248 461 364 508 Non
404 462 498 507 erit
530 463 583 506 in
619 462 788 523 Stygia
823 464 984 509 notior
1018 465 1190 510 umbra
1223 465 1374 510 domo.

183 541 297 587 Non
330 542 488 587 aliena
521 541 667 599 videt,
705 542 787 587 sed
821 548 953 588 amab
988 543 1278 604 Proserpina
1312 550 1506 605 raptas:

249 621 349 667 Iste
383 621 474 667 tibi
509 621 754 667 dominam
790 622 1065 669 conciliavit
1099 639 1244 670 amor.

789 824 934 870 LIII.

311 945 517 991 Nummi
552 962 662 991 cum
696 947 790 992 tibi
825 948 924 993 sint
959 965 1165 1010 opesque
1199 955 1380 1008 tantae,

312 1027 528 1083 Quantas
564 1028 683 1074 civis
717 1028 876 1087 habet,
917 1029 1142 1087 Paterne,
1179 1046 1330 1087 rarus,

313 1107 526 1168 Largiris
560 1107 685 1153 nihil
719 1107 1013 1169 incubasque
1047 1124 1201 1169 gazae,

313 1185 389 1231 Ut
424 1201 626 1246 magnus
661 1186 815 1245 draco,
853 1203 994 1248 quem
1033 1193 1215 1233 canunt
1251 1193 1419 1249 poetae

314 1265 573 1310 Custodem
609 1265 825 1326 Scythici
859 1267 1006 1312 fuisse
1041 1267 1148 1313 luci.
1569 1283 1590 1326 5

313 1345 406 1390 Sed
441 1361 594 1401 causa,
633 1350 690 1391 ut
725 1361 959 1392 memoras
995 1354 1044 1392 eb
1077 1347 1180 1408 ipse
1215 1348 1378 1404 iactas,

312 1423 462 1470 Dirae
497 1425 626 1470 filius
662 1442 711 1471 es
746 1427 1036 1488 rapacibabis.

312 1504 501 1565 Ecquid
535 1510 592 1550 tu
629 1505 790 1552 fatuos
819 1507 1057 1568 rudesque
1091 1509 1292 1569 quaeris,

312 1584 497 1630 Illudas
532 1585 706 1645 quibus
741 1586 1024 1649 auferasque
1061 1587 1308 1633 mentem‘l

312 1662 446 1709 Huic
481 1679 669 1725 semper
703 1665 826 1710 vitio
860 1671 999 1728 pater
1033 1667 1180 1714 fuisti,
1540 1682 1595 1710 10

755 1881 921 1929 LVII.

248 2017 347 2062 Cur
380 2031 518 2076 saepe
553 2015 665 2061 sicci
702 2031 849 2076 parva
883 2033 996 2062 rura
1033 2017 1083 2062 N
1086 2018 1268 2063 omenti

250 2096 519 2156 Laremque
553 2082 697 2140 villae
733 2096 978 2142 sordidum
1012 2103 1187 2158 petam,
1227 2098 1448 2159 quaeris?

246 2175 296 2220 N
300 2192 351 2220 ec
385 2175 639 2236 cogitandi,
679 2174 863 2236 Sparse,
899 2192 987 2222 nec
1022 2177 1297 2238 quiescendi

247 2255 310 2300 In
344 2255 462 2300 urbe
496 2254 628 2300 locus
663 2260 737 2300 est
771 2256 981 2317 pauperi.
1055 2257 1253 2317 Negant
1289 2257 1441 2303 vitam

248 2334 596 2396 Ludimagistri
629 2351 783 2394 mane,
821 2341 960 2382 nocte
994 2337 1211 2398 pistaores,
1569 2351 1593 2398 5

248 2414 562 2461 Aerariorum
598 2416 801 2461 marculi
835 2416 913 2462 die
947 2422 1062 2464 toto,

249 2492 382 2538 Hinc
416 2493 597 2539 otiosus
631 2495 874 2540 sordidam
908 2495 1069 2556 quatit
1102 2512 1316 2542 mensam

249 2573 528 2619 Neroniana
560 2574 912 2620 nummularius
946 2591 1133 2634 massa3

251 2687 300 2719 M.
1403 2678 1456 2723 11
