1732 2959
130 101 237 167 '102
691 111 1080 160 MARTJALJS

840 271 894 319 L.

143 400 340 455 Quanta
375 398 603 460 Gigantei
641 405 938 441 memoratur
972 408 1140 439 mensa
1173 390 1412 452 triumphi

211 478 500 538 Quantaque
534 491 633 521 nox
668 474 854 535 superis
889 471 1112 517 omnibus
1146 469 1232 515 illa
1266 468 1374 524 fuit,

145 558 252 614 Qua
285 557 441 602 bonus
476 553 704 600 accubuit
736 552 928 613 genitor
963 566 1070 596 oum
1110 548 1246 610 plebe
1281 548 1479 592 deorum

210 638 277 684 Et
310 636 450 682 licuit
484 633 666 680 Faunis
699 648 892 694 poscere
927 630 1043 675 vina
1075 629 1274 675 Iovem:

145 717 302 764 Tanta
337 723 445 762 tuas
480 715 740 771 celebrant,
778 711 966 770 Caesar,
1005 710 1230 757 convivia
1264 709 1462 765 laurus3
1603 721 1625 765 5

211 795 508 842 Exhssarant
540 794 668 855 ipsos
703 792 881 854 gaudia
913 800 1081 837 nostra
1115 791 1239 836 deos.

150 876 376 923 Vescitur
409 875 565 921 omnis
600 889 746 935 eques
779 878 941 918 tecum
976 871 1277 933 populusque
1313 872 1584 930 patresque,

211 955 279 1001 Et
312 954 442 1017 capit
475 953 738 1000 ambrosias
773 968 882 999 cum
918 951 1038 996 duce
1074 950 1232 996 Roma
1265 949 1422 1009 dapes

147 1035 365 1083 Grandia
399 1034 644 1096 pollicitus
679 1038 864 1095 quanto
898 1031 1082 1077 maiora
1116 1028 1322 1075 dedisti!

214 1115 460 1162 Promissa
495 1120 570 1160 est
604 1113 744 1159 nobis
779 1111 1011 1174 sportula,
1049 1116 1182 1156 recta
1217 1109 1334 1154 data
1370 1112 1454 1154 est.
1572 1123 1630 1152 10

845 1285 929 1331 LI.

151 1400 272 1456 Quis
305 1399 442 1446 labor
463 1401 530 1445 -111
563 1399 762 1461 phiala?
798 1398 929 1444 docti
964 1397 1118 1458 Myos,
1157 1412 1283 1442 anne
1318 1394 1584 1455 Myronos?

213 1478 454 1525 Mentoris
489 1479 606 1524 haec
640 1493 814 1523 manus
849 1482 933 1534 est,
972 1493 1049 1534 an,
1089 1474 1340 1534 Polyclite‚
1377 1473 1497 1518 tua‘l

149 1560 363 1606 Livescit
397 1559 534 1604 nulla
568 1557 772 1619 caligine
806 1557 955 1615 fusca,
993 1571 1081 1602 nec
1115 1552 1219 1601 odit

213 1638 562 1700 Exploratores
595 1637 766 1683 nubila
799 1651 956 1681 massa
990 1634 1130 1681 focos.

148 1719 281 1764 Vera
314 1719 477 1764 minus
511 1718 637 1763 flavo
670 1717 864 1762 radiant
899 1715 1078 1762 electra
1112 1698 1320 1768 metallo,
1602 1725 1624 1770 5

214 1798 282 1844 Et
314 1798 515 1843 niveum
549 1796 671 1842 felix
705 1795 905 1857 pustula
938 1794 1095 1840 vincit
1130 1793 1261 1839 ebur.

149 1877 388 1923 Materiae
422 1893 521 1922 non
556 1875 685 1922 cedit
720 1890 867 1937 opus:
904 1874 972 1919 sio
1007 1873 1176 1934 alligat
1212 1872 1390 1927 orbem,

214 1957 435 2004 Plurima
468 1973 577 2002 011111
612 1962 717 2003 tota
751 1955 970 2017 lampade
1004 1954 1123 2000 luna
1157 1953 1295 1999 nitet.

149 2038 258 2085 Stat
292 2054 433 2100 caper
467 2037 642 2083 Aeolio
676 2037 895 2083 Thebani
928 2036 1106 2082 vellere
1141 2034 1317 2081 Phrixi

215 2116 422 2163 Cultus:
458 2116 518 2162 ab
553 2116 643 2162 hoc
678 2115 846 2161 mallet
880 2120 1020 2161 vecta
1054 2114 1203 2160 fuisse
1239 2129 1384 2159 soror.
1574 2127 1628 2155 10

148 2195 299 2242 Hunc
332 2211 420 2241 neo
455 2195 728 2256 Cinyphius
762 2202 928 2241 tonsor
962 2193 1232 2251 violaverit,
1271 2198 1320 2239 et
1354 2197 1411 2237 tu

214 2276 326 2338 Ipse
361 2282 448 2322 tua
482 2278 610 2336 pasci
650 2276 760 2333 vite,
798 2275 972 2337 Lyaee,
1009 2274 1142 2321 velis.

148 2356 306 2417 Terga
341 2356 518 2417 premit
551 2355 748 2416 pecudis
782 2355 987 2416 geminis
1021 2355 1179 2400 Amor
1212 2367 1387 2398 aureus
1422 2350 1524 2408 alis,

213 2435 463 2481 Palladius
498 2441 664 2480 tenero
700 2435 823 2480 lotos
858 2434 918 2479 ab
953 2450 1033 2479 ore
1069 2441 1221 2478 sonat.

149 2515 228 2561 Sic
263 2514 611 2575 Methymnaeo
645 2514 840 2575 gavisus
875 2514 1063 2558 Arione
1097 2511 1297 2573 delphin
1572 2521 1625 2570 15

216 2594 469 2657 Languida
502 2610 601 2640 non
635 2594 838 2639 tacitum
874 2609 959 2654 per
993 2593 1117 2638 freta
1151 2592 1289 2636 vexit
1323 2605 1457 2636 onus.
