1732 2959
127 139 219 185 146
675 138 1066 186 MARTIALIS

324 245 429 292 Has
464 246 623 308 prima
658 247 779 292 feret
815 247 1029 292 alterave
1064 262 1191 303 cena,
1579 265 1602 313 5

322 324 429 370 Has
465 340 581 370 cena
616 324 708 369 tibi
743 323 889 369 tertia
924 330 1133 385 reponet.

323 402 456 447 Hinc
492 417 621 448 seras
656 402 961 463 epidipnidas
996 404 1198 463 parabit,

323 480 458 526 Hinc
493 482 646 541 pistor
680 481 840 526 fatuas
874 481 991 527 facit
1024 482 1283 542 placentas,

323 561 457 606 Hinc
491 566 540 607 et
575 562 868 623 multiplices
903 565 1050 608 struit
1085 564 1286 609 tabellas

322 641 390 687 Et
424 647 563 687 notas
600 642 868 699 caryotidas
904 642 1108 690 theatris
1125 662 1136 702 3
1551 661 1606 690 10

324 721 457 766 Hinc
494 722 596 767 exit
633 722 821 767 varium
857 738 966 768 coco
1003 725 1226 783 minutal,

322 800 398 846 Ut
432 801 612 847 lentem
647 803 853 863 positam
889 801 1148 864 fabamque
1183 804 1375 850 credas:

323 882 517 928 Boletos
552 881 777 927 imitatur
812 888 860 928 et
895 882 1111 941 botellos,

321 962 388 1008 Et
422 962 624 1008 caudam
659 962 788 1022 cybii
821 962 1086 1025 brevesque
1120 980 1341 1011 maenas:

322 1040 455 1086 Hinc
490 1040 712 1087 cellarius
748 1043 999 1101 experitur
1032 1050 1175 1101 artes,
1552 1060 1602 1106 15

321 1121 397 1167 Ut
432 1122 607 1185 condat
641 1124 778 1169 vario
813 1122 949 1169 vafer
984 1139 1152 1184 sapore

321 1201 381 1246 In
418 1208 558 1247 rutae
593 1201 764 1247 folium
802 1202 1094 1263 Capelliana.

322 1280 400 1326 Sic
433 1281 605 1342 implet
638 1282 839 1343 gabatas
874 1281 1259 1342 parapsidesque,

322 1361 388 1406 Et
422 1361 554 1408 leves
589 1363 814 1408 scutulas*
839 1378 1072 1422 cavasque
1108 1362 1278 1408 lances.

323 1438 434 1485 Hoc
470 1440 658 1486 lautum
695 1446 849 1499 vocat,
887 1440 976 1486 hoc
1011 1446 1154 1502 putat
1189 1447 1464 1498 venustum,
1548 1458 1605 1487 20

323 1518 493 1565 Unum
529 1535 704 1580 ponere
740 1519 935 1565 ferculis
971 1526 1045 1565 tot
1081 1535 1248 1565 assem.

735 1696 999 1742 XXXIII.

191 1816 390 1879 Saepius
425 1818 486 1864 ad
522 1818 731 1879 palmam
768 1817 999 1863 Prasinus
1034 1822 1143 1879 post
1177 1817 1279 1862 fata
1314 1817 1523 1862 Neronis

256 1895 489 1942 Pervenit
525 1901 574 1942 et
608 1897 765 1942 victor
799 1896 1012 1957 praemia
1046 1895 1187 1956 plura
1222 1896 1380 1941 refert.

188 1976 215 2021 I
251 1993 392 2034 nunc,
432 1977 557 2022 livor
592 1978 728 2033 edax,
767 1977 843 2022 dic
879 1981 927 2022 te
963 1975 1155 2022 cessisse
1191 1976 1378 2021 Neroni
1395 1993 1406 2033 3

257 2055 395 2102 Vicit
429 2057 661 2102 nimirum
696 2073 794 2102 non
832 2055 977 2114 Nero,
1017 2055 1100 2101 sed
1137 2055 1381 2101 Prasinus.

736 2247 993 2294 XXXVI.

125 2374 276 2420 Gaius
314 2373 436 2418 hanc
471 2372 626 2417 lucem
662 2387 848 2432 gemma
884 2371 1004 2416 mihi
1041 2369 1198 2414 Iulius
1233 2368 1342 2413 alba

191 2454 373 2515 Signat,
411 2454 470 2509 io,
509 2452 634 2497 votis
670 2452 898 2506 redditus,
937 2466 1055 2506 ecce,
1094 2449 1224 2494 meis.

125 2534 413 2595 Desperasse
449 2533 588 2577 iuvat
623 2531 777 2576 veluti
812 2532 908 2576 iam
945 2536 1088 2590 rupta
1124 2544 1339 2574 sororum

191 2613 327 2670 Fila3
374 2612 535 2657 minus
570 2612 781 2673 gaudent
817 2610 902 2672 qui
936 2609 1142 2654 timuere
1176 2607 1312 2653 nihil.
