1732 2959
707 161 838 208 LIB.
888 161 986 206 XI.
1497 151 1587 198 147

116 276 310 336 Hypne,
339 273 457 335 quid
480 274 716 332 expectas,
741 267 908 329 piger?
945 261 1216 310 immortale
1240 259 1500 305 Falernum
1563 270 1586 318 5

180 356 363 412 Funde,
403 368 561 400 senem
599 355 805 411 poscunt
840 346 959 392 talia
993 349 1109 389 vota
1144 341 1326 388 cadum.

114 434 418 491 Quincunces
452 437 502 476 et
537 446 622 476 sex
657 426 853 488 cyathos
888 426 1165 483 bessemque
1201 419 1435 473 bibamus,

182 514 342 560 GAms
376 517 434 557 ut
466 511 552 556 fiat
587 509 765 554 IULms
800 510 849 551 et
883 503 1159 549 PRocULUs.

782 716 919 763 XLI.

181 856 412 915 Indulget
447 853 607 915 pecori
641 851 847 896 nimium
881 849 997 894 dum
1032 852 1195 908 pastor
1229 846 1471 904 Amyntas

244 935 311 980 Et
345 933 521 994 gaudet
555 932 684 976 fama
717 928 1007 987 luxuriaque
1041 924 1213 986 gregis,

179 1014 413 1061 Cedentes
448 1011 582 1057 oneri
616 1024 772 1055 ramos
808 1007 1074 1066 silvamque
1109 1004 1340 1048 fluentem

245 1092 396 1148 Vicit,
432 1104 682 1142 concussas
717 1087 817 1148 ipse
853 1090 1043 1131 secutus
1078 1098 1202 1143 opes.

177 1173 332 1218 Triste
367 1186 538 1216 nemus
571 1169 702 1215 dirae
737 1166 898 1213 vetuit
933 1179 1176 1225 superesse
1211 1161 1379 1207 ruinae
1565 1171 1588 1220 5

247 1251 604 1311 Damnavitque
639 1249 766 1309 rogis
800 1246 948 1292 noxia
983 1245 1116 1305 ligna
1150 1249 1299 1303 pater.

178 1331 401 1391 Pingues,
440 1329 617 1389 Lygde,
661 1342 769 1372 sues
803 1325 980 1370 habeat
1014 1323 1203 1368 vicinus
1240 1320 1416 1366 Iollas:

243 1410 310 1455 Te
344 1408 461 1454 satis
495 1414 567 1453 est
600 1406 738 1452 nobis
774 1419 1092 1450 annumerare
1126 1415 1282 1463 pecus.

796 1618 909 1663 LII.

179 1759 384 1806 Cenabis
418 1759 553 1817 belle,
594 1757 694 1802 Iuli
730 1755 953 1811 Cerealis,
991 1753 1118 1814 apud
1152 1767 1229 1797 me
1248 1768 1260 1809 5

246 1835 470 1882 Conditio
507 1839 581 1880 est
615 1833 786 1879 melior
820 1832 862 1877 si
896 1831 989 1876 tibi
1023 1829 1171 1887 nulla,
1211 1827 1333 1873 veni.

179 1917 409 1962 Octavam
443 1914 624 1976 poteris
663 1929 853 1959 servare
869 1930 881 1970 3
929 1910 1201 1956 lavabimur
1234 1923 1360 1952 una:

244 1993 358 2051 Scis,
396 2008 542 2054 quam
577 1992 677 2037 sint
713 1990 947 2051 Stephani
981 1989 1154 2034 balnea
1188 1987 1354 2032 iuncta
1387 1983 1521 2029 mihi.

178 2075 344 2121 Prima
377 2075 469 2120 tibi
505 2073 700 2119 dabitur
734 2071 894 2117 ventri
929 2070 1114 2114 lactuca
1148 2065 1384 2112 movendo
1563 2076 1584 2123 5

246 2154 416 2212 Utilis,
455 2159 505 2199 et
538 2152 692 2214 porris
728 2152 809 2197 fila
844 2155 1026 2196 resecta
1061 2147 1171 2194 suis.

178 2231 301 2276 Mox
333 2235 475 2276 vetus
509 2234 559 2274 et·
592 2228 730 2273 tenui
764 2228 918 2273 maior
951 2225 1144 2284 cordyla
1178 2223 1367 2279 lacerto,

246 2310 338 2356 Sed
372 2325 516 2370 quam
552 2323 660 2353 cum
694 2316 832 2352 rutae
865 2305 1116 2351 frondibus
1151 2319 1242 2349 ova
1276 2306 1455 2362 tegant.

176 2391 351 2437 Altera
383 2407 479 2436 non
514 2391 718 2436 deerunt
752 2389 888 2434 tenui
923 2392 1113 2432 versata
1145 2383 1312 2430 favilla

246 2471 310 2515 Et
346 2470 637 2516 Velabrensi
671 2483 830 2513 massa
863 2471 1027 2512 coacta
1060 2466 1164 2510 foco
1180 2481 1193 2523 3
1531 2476 1587 2506 10

179 2551 244 2595 Et
279 2565 398 2610 quae
433 2549 664 2595 Picenum
702 2552 956 2594 senserunt
990 2546 1141 2606 frigus
1175 2542 1342 2588 olivae.

246 2631 382 2676 Haec
417 2631 534 2676 satis
567 2630 619 2674 in
654 2634 812 2691 gustu.
886 2627 1055 2673 Cetera
1089 2638 1227 2670 nosse
1262 2619 1428 2681 cupis?

1297 2720 1454 2766 10—2
