1732 2959
456 553 522 603 M.
574 551 732 602 VAL.
783 549 1191 602 MARTIALIS

348 689 1297 751 EPIGRAMMATON

653 838 891 883 LIBER
938 837 1000 884 X.

808 1052 844 1098 I.

152 1178 206 1224 SI
240 1177 420 1222 nimius
454 1176 620 1221 videor
655 1188 854 1235 seraque
889 1172 1114 1218 coronide
1149 1171 1320 1232 longus

225 1258 335 1303 Esse
369 1257 502 1314 liber,
539 1255 684 1317 legito
720 1269 892 1315 pauca:
927 1252 1120 1298 libellus
1157 1267 1246 1297 ero.

150 1338 336 1399 Terque
371 1341 634 1398 quaterque
667 1334 790 1380 mihi
822 1333 993 1379 finitur
1027 1332 1238 1378 carmine
1273 1347 1422 1392 parvo

218 1417 425 1479 Pagina:
458 1416 534 1462 fac
568 1416 662 1462 tibi
695 1430 771 1460 me
806 1430 952 1476 quam
987 1413 1120 1475 cupis
1156 1427 1257 1458 esse
1293 1412 1499 1459 brevem.

794 1581 859 1626 II.

89 1701 335 1748 Festinata
371 1700 501 1762 prior
535 1699 708 1745 decimi
742 1698 865 1744 mihi
899 1713 1013 1743 cura
1048 1696 1199 1741 libelli

152 1782 384 1843 Elapsum
418 1781 641 1826 manibus
675 1796 804 1825 nunc
839 1778 1086 1824 revocavit
1121 1793 1250 1838 opus.

87 1863 222 1909 Nota
255 1862 383 1922 leges
417 1861 665 1923 quaedam,
702 1859 785 1905 sed
819 1859 936 1904 lima
968 1873 1077 1902 rasa
1109 1855 1314 1902 recenti:

154 1942 274 1988 Pars
307 1957 434 1986 nova
469 1940 621 1986 maior
655 1940 769 1984 erit:
804 1938 967 1997 lector,
1008 1936 1204 1996 utrique
1239 1934 1361 1991 fave,

90 2025 274 2082 Lector,
297 2039 409 2084 opes
440 2027 655 2067 nostrae:
681 2036 825 2082 quem
849 2035 958 2065 cum
973 2018 1095 2063 mihi
1113 2018 1270 2062 Roma
1289 2014 1511 2071 dedisset,
1543 2027 1565 2073 5

158 2103 281 2148 “Nil
315 2101 408 2147 tibi
441 2101 569 2161 quod
604 2100 771 2146 demus
805 2099 962 2144 maius
996 2095 1259 2142 habemus''
1297 2095 1377 2139 ait.

92 2181 277 2241 “Pigra
310 2197 394 2242 per
427 2180 559 2225 hunc·
589 2179 743 2240 fugies
777 2178 994 2238 ingratae
1027 2175 1232 2221 flumina
1266 2172 1442 2217 Lethes

154 2262 222 2307 Et
257 2261 451 2307 meliore
485 2261 560 2306 tui
595 2265 732 2321 parte
766 2263 1007 2319 superstes
1042 2256 1147 2302 eris.

91 2332 337 2388 Marmora
372 2341 606 2386 Messalae
641 2341 785 2385 findit
819 2338 1070 2399 caprificus
1107 2342 1156 2381 et
1189 2334 1347 2380 audax

157 2421 397 2466 Dimidios
433 2420 590 2481 Crispi
624 2418 775 2464 mulio
809 2418 937 2463 ridet
971 2431 1140 2477 equos:
1514 2426 1567 2454 10

98 2501 164 2546 At
198 2500 376 2545 chartis
408 2515 495 2545 nec
529 2499 630 2544 fata
661 2503 838 2543 nocent
871 2502 922 2542 et
955 2493 1140 2541 saecula
1174 2494 1388 2553 prosunt,

158 2578 361 2639 Sola-que
395 2593 494 2623 non
526 2581 709 2622 norunt
743 2577 859 2621 haec
892 2573 1189 2619 monimenta
1224 2567 1356 2613 mori„
1371 2569 1395 2587 ³²
