1732 2959
151 122 212 168 30
697 123 1082 170 MARTIALIS

282 227 438 283 Quem
472 244 592 289 grex
626 234 819 289 togatus
854 211 1073 291 sequitur
1107 238 1156 277 et
1190 232 1441 292 capillatus
1598 246 1624 295 5

283 308 565 370 Recensque
600 308 715 354 sella
749 282 1009 373 lir'iteftss‘c'que
1042 288 1280 372 lffle:

206 384 218 412 ²
265 388 635 449 “Oppigneravit
672 389 812 434 rfiodo
847 390 989 435 modo
1023 391 1083 436 ad
1120 391 1259 437 Cladi
1293 407 1504 438 mensam

283 469 385 513 Vix
420 474 527 514 octo
561 469 774 514 nummis
807 470 1024 528 anulum,
1059 472 1188 517 unde
1223 479 1424 518 cenaret.

788 620 985 667 LVIII.

147 712 362 758 Pexatus
398 712 597 773 pulchre
630 713 759 759 rides
794 729 913 771 mea,
954 700 1100 771 Zoile,
1140 715 1267 762 trita.
1422 772 1424 774 v

211 793 337 839 Sunt
371 793 486 839 haec
521 793 641 838 trita
675 793 885 854 quidem,
924 793 1071 852 Zoile,
1109 795 1190 840 sed
1226 811 1330 840 mea
1354 803 1478 841 sunt.

145 1036 275 1082 Mica
310 1053 481 1083 vocor:
519 1038 636 1097 quid
671 1038 762 1082 sim
797 1037 965 1094 cernis,
1005 1038 1191 1084 cenatio
1226 1055 1405 1099 parva:

211 1116 288 1161 Ex
322 1132 398 1163 me
435 1116 721 1163 Caesareum
756 1118 989 1179 prospicis
1023 1134 1129 1164 ecce
1165 1119 1368 1166 tholum.

144 1193 333 1255 Frange
368 1200 511 1253 toros,
550 1201 659 1256 pete
694 1196 821 1254 vina,
858 1213 989 1242 rosas
1024 1214 1150 1259 cape,
1188 1198 1376 1259 tingere
1410 1199 1594 1245 nardo:

209 1273 321 1334 Ipse
356 1273 492 1320 iubet
527 1275 695 1320 mortis
729 1281 779 1320 te
814 1276 1089 1322 meminisse
1124 1277 1252 1325 deus

793 1439 983 1485 LXIV.

142 1530 274 1574 Dum
310 1530 452 1576 modo
489 1532 796 1589 causidicum,
835 1533 951 1578 dum
985 1538 1035 1578 te
1070 1533 1210 1583 modo
1256 1533 1450 1580 rhetora
1485 1535 1626 1595 fingis

208 1609 276 1655 Et
309 1626 409 1656 non
444 1603 673 1670 decernis,
713 1612 885 1671 Laure,
924 1613 1041 1674 quid
1077 1630 1176 1660 esse
1212 1615 1345 1673 velis,

142 1688 311 1736 Peleos
346 1695 396 1735 et
430 1690 617 1737 Priami
651 1693 830 1738 transit
865 1699 914 1738 et
948 1693 1172 1739 Nestoris
1207 1702 1340 1740 aetas

208 1769 274 1814 Et
309 1770 470 1816 fuerat
503 1787 662 1817 serum
697 1772 793 1818 iam
828 1774 919 1819 tibi
956 1774 1183 1821 desinere.

140 1848 322 1910 Incipe,
358 1855 457 1895 tres
492 1866 589 1896 uno
623 1853 873 1912 perierunt
903 1853 1119 1899 rhetores
1153 1871 1292 1910 anno,
1596 1870 1619 1917 5

207 1929 259 1975 Si
294 1930 413 1991 quid
447 1930 594 1977 habes
630 1933 793 1990 animi,
832 1933 873 1979 si
909 1934 1027 1995 quid
1061 1934 1114 1979 in
1149 1940 1251 1980 arte
1286 1934 1430 1980 valeS.

140 2010 193 2057 Si
227 2010 388 2056 schola
421 2011 694 2071 damnatur,
731 2014 836 2059 fora
869 2014 1038 2060 litibus
1070 2014 1231 2060 omnia
1264 2015 1468 2072 fervent,

208 2091 321 2153 Ipse
356 2097 517 2154 potest
549 2094 656 2140 fieri
690 2094 893 2141 Marsua
927 2095 1207 2142 causidicus.

143 2172 231 2218 Eia
265 2188 365 2233 age,
402 2189 572 2234 rumpe
607 2190 796 2222 moras:
833 2192 928 2237 quo
962 2181 1013 2222 te
1047 2175 1344 2235 sperabimus
1380 2179 1564 2238 usque?

206 2254 338 2299 Dum
375 2254 491 2315 quid
527 2255 592 2301 sis
627 2256 831 2313 dubitas,
867 2257 965 2302 iam
999 2264 1136 2319 potes
1171 2275 1271 2306 esse
1308 2258 1441 2303 nihil.
1565 2274 1623 2305 10

141 2514 284 2560 Unus
320 2513 378 2558 de
413 2517 517 2558 toto
552 2519 833 2574 peccaverat
867 2515 979 2560 orbe
1015 2530 1267 2591 comarum
1316 2573 1320 2578 .

453 2577 658 2602 wku„
1114 2583 1123 2596 ι
1150 2593 1155 2596 .

205 2592 415 2651 Anulus,
454 2597 638 2638 mcerta
672 2609 770 2638 non
804 2593 925 2639 bene
961 2594 1086 2640 fixus
1120 2611 1220 2641 acu.
