1732 2959
134 124 225 170 130
353 194 361 202 .
626 127 1014 174 MARTIALIS

264 231 364 276 Hic
399 247 586 277 summa
621 232 720 278 leni
756 234 1013 294 stringitur
1047 235 1213 281 Thetis
1248 241 1423 294 vento3

264 311 368 357 Nec
403 311 602 373 languet
636 329 826 374 aequor,
865 313 978 359 viva
1013 315 1094 360 sed
1131 315 1265 375 quies
1301 316 1438 376 ponti

265 390 454 437 Pictam
489 392 721 454 phaselon
756 392 1019 439 adiuvante
1053 393 1151 439 fert
1185 411 1314 453 aura,

265 471 401 517 Sicut
435 472 622 533 puellae
657 488 750 517 non
791 474 999 518 amantis
1033 479 1265 520 aestatem

266 551 404 597 Mota
438 553 628 598 salubre
663 568 879 613 purpura
914 554 1050 599 venit
1084 553 1252 615 frigus.
1557 569 1608 616 15

265 629 370 675 Nec
405 637 507 676 seta
542 631 685 692 longo
721 631 910 692 quaerit
944 632 997 677 in
1032 634 1153 678 mari
1188 633 1430 694 praedam,

267 710 359 757 Sed
394 727 419 756 e
454 711 638 757 cubiclo
673 711 946 771 lectuloque
981 712 1210 758 iactatam

269 790 523 851 Spectatus
557 791 654 836 alte
689 791 866 835 lineam
904 791 1058 837 tra-hit
1092 792 1245 852 piscis.

269 869 322 914 Si
357 870 550 930 quando
585 869 776 915 Nereus
811 869 961 914 sentit
994 871 1141 916 Aeoli
1174 888 1389 932 regnum,

269 948 420 995 Ridet
454 950 686 1010 procellas
721 954 831 995 tuta
865 949 925 995 de
960 966 1047 996 suo
1081 966 1257 997 mensa.
1557 966 1617 996 20

268 1028 463 1074 Piscina
496 1028 751 1075 rhombum
789 1029 940 1089 pascit
976 1034 1025 1074 et
1059 1029 1197 1091 lupos
1233 1046 1416 1089 vernas,

271 1108 430 1154 Natat
463 1109 525 1155 ad
559 1110 844 1171 magistrum
880 1110 1087 1155 delicata
1122 1126 1352 1155 muraena
1362 1127 1373 1167 3

270 1188 652 1236 Nomenculator
686 1190 915 1250 mugilem
951 1189 1071 1235 citat
1104 1194 1273 1234 notum

270 1269 337 1315 Et
372 1269 534 1316 adesse
568 1270 687 1316 iussi
722 1270 963 1331 prodeunt
997 1285 1131 1316 senes
1165 1269 1314 1315 mulli.

269 1350 389 1396 Frui
424 1350 506 1396 sed
541 1351 646 1397 istis
682 1350 888 1412 quando,
927 1351 1097 1408 Roma,
1138 1349 1410 1410 permittis?
1561 1364 1582 1392 2
1592 1361 1615 1409 5

270 1430 400 1486 Quot
437 1430 718 1477 Formianos
753 1431 964 1491 imputat
1001 1430 1101 1475 dies
1135 1445 1290 1475 annus

269 1509 548 1571 Negotiosis
582 1511 725 1556 rebus
761 1510 894 1555 urbis
929 1508 1172 1556 haerentis}

273 1587 315 1634 O
350 1588 582 1634 ianitores
616 1588 842 1649 vilicique
877 1587 1062 1633 felices!

273 1667 499 1713 Dominis
533 1673 769 1729 parantur
803 1667 909 1723 ista,
948 1666 1169 1712 serviunt
1203 1665 1351 1710 vobis.

782 2030 985 2076 XXXI.

144 2196 353 2242 Addixti
389 2212 582 2242 servum
617 2196 829 2241 nummis
863 2195 976 2240 here
1011 2193 1143 2239 mille
1178 2192 1411 2248 ducentis,

207 2276 283 2322 Ut
317 2275 439 2321 bene
478 2291 686 2333 cenares,
727 2275 1008 2332 Calliodore‚
1047 2272 1203 2318 semel.

142 2355 247 2402 Nec
281 2356 403 2402 bene
438 2357 643 2402 cenasti:
690 2356 869 2401 mullus
904 2354 996 2400 tibi
1030 2357 1261 2414 quattuor
1296 2355 1486 2412 emptus

210 2433 472 2480 Librarum
507 2450 649 2479 cenae
684 2449 858 2495 pompa
893 2437 1133 2493 caputque
1168 2430 1277 2476 fuit.

143 2514 427 2559 Exclamare
463 2513 603 2559 libet:
643 2512 797 2558 “Non
831 2518 905 2557 est
939 2511 1029 2569 hic,
1068 2511 1296 2570 improbe,
1335 2524 1433 2554 non
1468 2512 1540 2554 est
1601 2522 1625 2569 5

211 2593 385 2639 Piscis:
420 2591 563 2638 homo
599 2596 672 2637 est
683 2607 697 2649 3
732 2591 991 2648 hominem,
1031 2589 1314 2646 Calliodore‚
1352 2588 1553 2636 comeS.''
