1732 2959
97 94 187 138 138
643 93 1027 141 MARTIALIS

160 201 323 247 Vilior
356 202 472 248 haec
506 203 644 248 nobis
677 202 772 247 alio
807 201 1034 247 mittente
1069 201 1264 246 fuisset:
1547 214 1571 263 5

226 281 342 328 Non
376 298 665 344 quacunque
700 298 846 327 manu
882 282 1080 326 victima
1115 297 1250 327 caesa
1283 281 1404 327 litat.

162 361 212 407 A
247 368 295 407 te
329 363 473 408 missa
507 363 654 408 venit.
729 362 924 407 Possem
959 362 1054 407 nisi
1089 377 1265 407 munus
1300 376 1472 418 amare,

226 441 401 499 Marce,
442 448 595 497 tuum,
633 447 852 502 poteram
887 457 1061 486 nomen
1096 457 1256 486 amare
1291 456 1465 486 meum.

164 520 370 567 Munere
405 522 487 568 sed
522 523 630 583 plus
665 527 738 568 est
774 528 822 568 et
857 523 1052 567 nomine
1087 522 1270 582 gratius
1305 520 1408 582 ipso

231 600 452 646 Officium
487 601 617 647 docti
652 601 982 662 iudiciumque
1016 601 1120 646 viri.
1519 615 1576 645 10

698 750 977 796 LXXVII.

98 861 321 923 Nequius
356 875 385 905 a
420 858 544 905 Caro
580 858 703 903 nihil
739 874 966 919 unquam,
1006 858 1236 917 Maxime,
1273 859 1457 905 factum
1492 865 1576 920 est,

167 942 323 997 Quam
359 939 486 1000 quod
522 939 653 984 febre
688 938 841 999 perit:
888 938 1003 984 fecit:
1037 943 1086 984 et
1121 939 1203 984 illa
1238 939 1385 986 nefas.

101 1021 252 1066 Saeva
285 1034 462 1065 nocens
496 1018 645 1063 febris
680 1018 850 1062 saltem
888 1023 1126 1078 quartana
1159 1017 1359 1064 fuisset!

168 1099 358 1146 Servari
392 1097 576 1143 medico
612 1097 780 1142 debuit,
814 1096 896 1142 ille
931 1112 1028 1142 suo.

690 1245 996 1291 LXXVIII.

301 1355 405 1400 Ibis
438 1354 647 1410 litoreas,
686 1353 866 1411 Macer,
906 1352 1118 1412 Salonas,

301 1434 405 1480 Ibit
441 1449 552 1479 rara
585 1433 702 1478 fides
739 1449 966 1494 amorque
1002 1434 1121 1479 recti

302 1514 369 1559 Et
402 1529 562 1559 secum
599 1513 817 1559 comitem
855 1513 1017 1559 trahet
1052 1512 1295 1574 pudorem.

304 1594 502 1655 Semper
536 1594 792 1655 pauperior
828 1593 954 1639 redit
989 1598 1212 1654 potestas.

304 1673 445 1720 Felix
479 1673 716 1719 auriferae
752 1673 917 1719 colone
951 1678 1121 1731 terrae,
1559 1688 1582 1734 5

305 1755 558 1800 Rectorem
595 1770 748 1800 vacuo
783 1755 893 1800 sinu
927 1756 1147 1802 remittes

306 1834 604 1895 Optabisque
638 1850 806 1892 m01·aS,
844 1841 893 1880 et,
927 1841 1182 1881 exeunbem

306 1913 421 1960 Udo
458 1913 686 1959 Dalmata
719 1915 894 1975 gaudio
929 1915 1152 1976 sequeris.

306 1996 410 2041 Nos
448 1994 622 2052 Celtas,
662 1994 841 2053 Macer,
880 2000 929 2040 et
963 2001 1121 2041 truces
1158 1995 1370 2040 Hiberos

309 2077 431 2124 Cum
467 2076 701 2122 desiderio
736 2078 810 2121 tui
846 2082 1077 2137 petemus.
1533 2090 1588 2120 10

309 2158 403 2204 Sed
438 2172 750 2218 quaecunque
784 2162 947 2202 tamen
982 2156 1167 2202 feretur
1201 2155 1336 2201 illinc

276 2227 278 2230 V
309 2238 490 2284 Piscosi
525 2237 705 2282 calamo
742 2236 860 2297 Tagi
894 2242 1075 2293 notata,

309 2317 529 2363 Macrum
567 2317 741 2378 pagina
775 2323 941 2362 nostra
975 2315 1255 2362 nominabit.

313 2398 391 2443 Sic
427 2398 555 2442 inter
589 2402 775 2442 veteres
811 2397 941 2458 legar
976 2402 1153 2457 poetas,

311 2479 414 2524 Nec
448 2477 627 2523 multos
661 2477 783 2522 mihi
817 2478 1060 2538 praeferas
1095 2477 1287 2537 prioreS‚
1534 2488 1587 2537 15

311 2559 426 2605 Uno
463 2557 543 2603 sed
579 2557 670 2602 ‘cibi
704 2558 794 2603 sim
830 2558 987 2604 minor
1023 2558 1226 2605 Catullo.
