1732 2959
534 127 926 174 MARTIALIS
959 124 1090 172 LIB.
1139 125 1186 172 V.

754 277 972 323 LXXX.

255 399 371 445 Non
405 403 557 444 totam
595 397 730 451 mihi,
767 396 808 442 si
851 397 1054 455 vacabit,
1093 397 1275 453 horam,

254 479 417 525 Dones
452 483 500 524 eb
533 477 645 523 licet
679 477 888 537 imputes
923 475 1108 536 Severe,

256 559 388 604 Dum
423 563 612 603 nostras
647 556 766 617 legis
801 556 1047 618 exigisque
1082 571 1247 618 nugas.

256 637 488 683 “Durum
525 641 597 681 est
631 635 828 696 perdere
863 635 1072 681 ferias'':
1110 650 1343 695 rogamus,

254 717 499 763 Iacturam
536 715 736 776 patiaris
771 716 894 760 hanc
929 715 1162 776 ferasque.
1584 731 1608 776 5

255 797 396 853 Quod
431 797 473 842 si
506 796 677 856 legeris
711 795 813 856 ipse
847 811 956 840 cum
992 795 1170 840 diserto

255 875 419 921 —Sed
452 875 689 936 numquid
725 890 890 920 sumus
926 874 1134 935 improbi
1156 874 1475 932 Z—Secundo,

257 955 377 1001 Plus
411 955 567 1000 multo
602 954 696 1000 tibi
729 955 979 1001 debiturus
1014 954 1092 1000 1116
1127 959 1212 1011 est,

255 1035 413 1091 Quam
447 1036 590 1081 debeb
625 1035 818 1081 domino
853 1051 939 1080 suo
973 1035 1177 1081 libellus.

256 1114 386 1160 Nam
422 1130 616 1161 securus
651 1114 756 1174 erit,
795 1131 883 1160 1166
917 1115 1137 1176 inquieta
1557 1131 1611 1160 10

259 1194 394 1239 Lassi
429 1210 669 1240 marmora
706 1195 899 1256 Sisyphi·
934 1195 1132 1254 videbit,

259 1273 415 1329 Quem
450 1274 667 1320 censoria
701 1290 811 1320 eum
845 1290 952 1320 meo
988 1274 1164 1320 Severo

258 1352 404 1398 Docti
439 1353 555 1398 lima
589 1353 902 1398 momorderit
937 1353 1157 1399 Secundi.

715 1595 1014 1643 LXXXIV.

259 1717 367 1762 Iam
402 1716 557 1762 tristis
591 1717 796 1762 nucibus
831 1733 951 1778 puer
986 1717 1166 1762 relicbis

261 1795 482 1841 Clamoso
518 1801 774 1842 revocatur
797 1813 825 1840 a
859 1796 1101 1857 magistro,

258 1875 324 1921 Et
357 1875 535 1921 blando
572 1876 694 1921 male
730 1875 950 1936 proditus
984 1875 1167 1933 fritillo,

257 1956 455 2000 Arcana
490 1956 631 2001 modo
667 1962 838 2016 raptus
874 1971 899 2000 e
933 1956 1123 2017 popina,

259 2035 486 2081 Aedilem
522 2042 658 2096 rogab
694 2036 817 2081 udus
852 2036 1044 2082 aleator.
1586 2049 1608 2093 5

259 2114 538 2160 Saturnalia
573 2116 808 2161 transiere
842 2122 959 2174 tota,

258 2194 364 2241 Nec
400 2196 685 2241 munuscula
720 2212 882 2256 parva,
919 2211 1006 2241 1166
1041 2195 1227 2241 minora

259 2274 445 2320 Misisti
481 2276 612 2335 mihi,
657 2276 812 2332 Galla,
849 2292 996 2337 quam
1031 2276 1226 2321 solebas.

260 2354 386 2400 Sane
420 2355 488 2400 516
523 2356 663 2401 abeat:
697 2373 831 2402 meus
868 2356 1145 2404 December.

261 2436 362 2481 Seis
396 2442 536 2494 certe,
574 2441 706 2497 puto,
744 2445 907 2482 vestra
940 2436 1037 2481 iam
1073 2437 1236 2481 venire
1556 2450 1610 2479 10

261 2515 553 2572 Saturnalia,
594 2515 801 2561 Martias
837 2515 1099 2561 Kalendas.

260 2596 394 2642 Tune
428 2596 624 2642 reddam
658 2596 763 2654 tibi,
803 2595 956 2653 Galla,
995 2595 1122 2656 quod
1157 2594 1346 2640 dedisti.
