1732 2959
714 115 844 162 LIB.
894 114 960 161 X.
1483 106 1574 152 127

168 231 427 291 Strataque
460 243 559 272 non
593 241 714 270 unas
750 223 945 283 cingant
980 217 1193 264 triclinia
1228 215 1373 262 Baias

234 313 302 357 Et
334 309 501 357 Thetis
536 309 785 367 unguento
820 286 999 363 palleat
1035 306 1180 344 uncta
1215 302 1315 352 tuo,

168 390 385 436 Candida
421 386 577 435 Setini
611 387 838 444 rumpant
873 378 1098 440 crystalla
1131 377 1346 431 trientes,
1554 383 1576 430 5

238 470 461 516 Dormiat
495 468 547 512 in
582 466 747 527 pluma
780 477 866 507 nec
902 459 1096 504 meliore
1132 456 1326 501 Venus:

170 553 249 597 Ad
287 554 525 595 nocturna
558 546 682 592 iaces
717 543 923 588 fastosae
957 538 1127 585 limina
1160 533 1384 580 moechae

239 632 303 676 Et
336 628 500 675 madet
534 626 628 671 heu
654 627 662 670 1
712 621 922 668 lacrimis
957 620 1103 664 ianua
1137 615 1280 662 surda
1315 612 1426 670 tuis,

174 709 331 755 Urere
365 720 454 751 nec
487 703 716 748 miserum
752 702 938 744 cessant
973 693 1180 755 suspiria
1213 701 1391 752 pectus.

239 786 332 831 Vis
357 784 525 839 dicam,
553 780 678 825 male
703 778 766 823 sit
790 793 875 822 cur
898 775 1002 829 tibi,
1033 772 1205 818 Ootta'l
1242 770 1364 814 bene
1387 771 1471 813 est.
1529 781 1584 811 10

771 898 852 942 XI
859 897 918 941 X.

277 999 327 1044 N
331 1014 382 1044 ec
417 996 610 1041 doctum
646 991 762 1037 satis
798 994 847 1034 et
879 1003 1052 1049 parum
1087 999 1321 1039 severum,

277 1079 372 1124 Sed
405 1093 503 1122 non
537 1071 827 1120 rusticulum
862 1068 1007 1113 nimis
1042 1065 1259 1110 libellum

277 1156 505 1204 Facundo
538 1168 646 1199 mea
679 1150 856 1206 Plinio,
894 1145 1076 1202 Thalia,

279 1239 306 1284 I
341 1236 525 1298 perfer:
572 1231 733 1278 brevis
768 1233 840 1273 est
874 1226 1010 1271 labor
1043 1226 1264 1285 peractae

278 1318 455 1363 Altum
488 1313 681 1358 vincere
715 1308 963 1355 tramitem
999 1303 1227 1349 Suburae.
1564 1308 1586 1354 5

280 1398 390 1444 Illic
427 1394 620 1456 Orphea
653 1389 876 1452 protinus
911 1383 1096 1430 videbis

282 1477 389 1524 Udi
421 1474 603 1520 vertice
635 1470 879 1517 lubricum
913 1463 1107 1519 theatri,

284 1558 618 1614 Mirantesque
651 1552 776 1596 feras
812 1561 1044 1606 avemque
1079 1541 1218 1602 regis,

284 1639 501 1698 Raptum
536 1648 657 1694 quae
693 1630 888 1689 Phryga
922 1622 1126 1686 pertulit
1159 1617 1382 1666 Tonanti.

284 1718 394 1763 Illic
430 1730 580 1777 parva
613 1712 688 1757 tui
723 1710 892 1771 domus
928 1702 1137 1751 Pedonis
1543 1709 1596 1739 10

287 1798 484 1844 Caelata
520 1799 592 1839 est
629 1790 817 1852 aquilae
851 1786 1036 1832 minore
1071 1784 1231 1844 pinna.

288 1878 384 1925 Sed
416 1892 477 1922 ne
511 1880 728 1933 tempore
763 1885 862 1915 non
896 1872 981 1912 tuo
1018 1864 1245 1910 disertam

289 1958 458 2005 Pulses
494 1954 626 2001 ebria
661 1954 871 2005 ianuam,
909 1947 1084 1992 videto.

287 2041 432 2085 Totos
466 2038 551 2082 dat
584 2033 783 2080 tetricae
819 2031 919 2075 dies
955 2029 1220 2082 Minervae,

290 2120 424 2166 Dum
459 2124 654 2163 centum
688 2112 852 2159 studet
886 2110 1082 2155 auribus
1116 2106 1330 2151 virorum
1546 2112 1598 2158 15

290 2201 401 2247 Hoc
435 2197 564 2259 quod
599 2186 787 2241 saecula
820 2190 1094 2252 posterique
1128 2185 1310 2247 possint

291 2278 496 2340 Arpinis
531 2289 720 2336 quoque
756 2284 1029 2331 comparare
1064 2264 1256 2312 chartis.

293 2360 433 2404 Seras
466 2353 621 2401 tutior
654 2351 747 2397 ibis
782 2350 844 2396 ad.
876 2349 1107 2394 lucernas,

293 2438 431 2483 Haec
464 2435 583 2481 hora
617 2437 689 2478 est
722 2435 820 2489 tua,
859 2444 969 2475 cum
1003 2426 1123 2472 furit
1158 2423 1356 2484 Lyaeus,

298 2517 421 2563 Cum
453 2518 626 2576 regnat
658 2527 780 2569 rosa,
818 2524 926 2555 cum
960 2506 1159 2552 madent
1193 2499 1373 2561 capilii:
1547 2507 1605 2537 20

296 2598 433 2643 Tunc
466 2611 543 2640 me
576 2593 654 2639 vel
688 2590 833 2652 rigidi
866 2589 1032 2649 legant
1067 2585 1284 2630 Catones„
