1732 2959
704 113 836 160 LIB.
896 112 976 160 VI.
1511 107 1572 154 73

718 265 951 311 XXVII.

97 394 182 439 Bis
216 391 375 438 vicine
409 389 753 450 Nepos—nam
788 392 844 432 tu
880 402 1070 448 quoque
1104 386 1326 447 proxima
1361 387 1531 433 Florae

162 472 343 518 Incolis
378 475 427 516 et
461 474 649 514 veteres
682 472 740 513 tu
775 482 964 527 quoque
1001 465 1270 512 Ficelias—

97 551 188 598 Est
220 551 326 606 tibi,
365 564 459 610 qua
492 547 652 609 patria
685 547 905 607 signatur
938 544 1147 606 imagine
1181 544 1356 602 voltus,

163 630 320 676 Testis
354 633 600 674 maternae
634 631 751 671 nata
784 624 1056 686 pudicitiae.

99 711 170 756 Tu
204 716 368 756 tamen
402 722 582 754 annoso
616 706 821 751 nimium
857 721 918 750 ne
952 720 1092 766 parce
1128 703 1344 762 Falerno,
1552 718 1575 763 5

163 790 230 836 Et
266 789 429 851 potius
462 788 629 849 plenos
664 800 771 830 aere
806 785 1025 846 relinque
1060 783 1214 829 cados.

99 870 176 916 Sit
209 869 303 931 pia,
341 869 406 913 sit
440 866 665 927 locuples,
702 865 784 910 sed
820 870 954 925 potet
989 864 1088 909 filia
1122 867 1364 908 mustum:

163 950 417 1013 Amphora
451 966 561 995 cum
596 948 790 994 domina
824 963 953 992 nunc
988 962 1114 992 nova
1148 945 1235 990 fiat
1269 960 1402 990 anus.

100 1032 318 1078 Caecuba
350 1046 449 1076 non
484 1029 608 1075 solos
644 1029 889 1074 vindemia
922 1027 1110 1073 nutriat
1151 1027 1317 1072 orbos:

165 1112 375 1158 Possunt
410 1115 460 1156 et
493 1114 654 1170 patres
688 1107 867 1164 vivere,
906 1108 1042 1152 crede
1077 1106 1210 1151 mihi.
1527 1122 1581 1151 10

676 1318 939 1365 XXVIII.

297 1457 525 1503 Libertus
559 1454 778 1501 Melioris
813 1452 895 1498 ille
929 1455 1088 1508 notus,

296 1537 417 1582 Tota
451 1535 536 1597 qui
571 1533 744 1580 cecidit
779 1532 968 1578 dolente
1004 1530 1174 1586 Roma,

298 1616 411 1662 Cari
445 1615 641 1661 deliciae
674 1614 843 1659 breves
877 1611 1083 1674 patroni,

297 1695 409 1741 Hoc
443 1695 531 1739 sub
563 1707 799 1738 marmore
832 1690 1055 1737 Glaucias
1090 1689 1318 1734 humatus

297 1774 473 1820 Iuncto
509 1771 779 1818 Flaminiae
812 1770 937 1815 iacet
971 1767 1216 1829 sepulcro:
1557 1781 1579 1828 5

299 1854 472 1901 Castus
506 1853 734 1905 moribus,
765 1851 953 1911 integer
986 1848 1183 1909 pudore,

298 1933 462 1980 Velox
495 1932 701 1994 ingenio,
740 1931 907 1976 decore
942 1929 1074 1976 felix.

299 2013 384 2058 Bis
418 2013 545 2058 senis
580 2012 722 2057 modo
756 2010 992 2056 messibus
1025 2008 1232 2071 peractis

297 2092 404 2137 Vix
437 2107 590 2137 unum
624 2107 745 2152 puer
779 2089 1051 2151 applicabat
1085 2104 1279 2135 annum.

300 2172 397 2228 Qui
430 2172 516 2218 fles
549 2172 679 2227 talia,
718 2170 789 2215 nil
823 2169 953 2224 fleas,
988 2169 1159 2215 viator.
1527 2184 1583 2214 10

728 2372 960 2419 XXXII.

169 2508 293 2555 Cum
327 2509 571 2555 dubitaret
605 2508 762 2554 adhuc
796 2508 911 2553 belli
947 2505 1103 2552 civilis
1139 2505 1280 2564 Enyo

234 2588 458 2634 Forsitan
491 2594 541 2635 et
574 2592 733 2650 posset
767 2588 956 2633 vincere
991 2585 1148 2631 mollis
1185 2583 1328 2639 Otho,
