1732 2959
108 110 199 157 136
656 106 1043 154 MARTIALIS

236 218 303 264 Et
337 218 569 264 delicatae
605 216 776 277 diligat
810 215 982 261 chorus
1015 230 1220 270 mensae,

240 299 344 345 Nec
379 298 651 356 calculator,
689 313 776 342 nec
811 295 1029 342 notarius
1064 295 1207 341 velox

237 378 422 425 Maiore
459 378 715 439 quisquam
751 375 928 421 circulo
963 380 1229 420 coronetur.

237 458 396 504 Albae
431 459 567 504 leone
602 457 822 502 flammeo
857 456 1016 502 calent
1050 455 1179 500 luces

239 538 531 597 Tostamque
566 537 756 581 fervens
792 535 951 581 Iulius
986 535 1149 596 coquit
1185 549 1395 581 messem.

244 618 435 664 Cirrata
469 616 584 662 loris
619 615 827 661 horridis
864 614 1070 675 Scythae
1104 614 1257 675 pellis,

243 697 351 753 Qua
385 695 638 757 vapulavit
672 695 918 757 Marsyras
955 694 1259 750 Gelaenaeus,

243 776 541 836 Ferulaeque
575 774 754 833 tristes,
792 779 980 835 sceptra
1014 773 1410 835 paedagogorum,

241 855 440 902 Cessent
474 859 523 899 et
558 852 676 898 Idus
711 852 955 898 dormiant
986 852 1040 897 in
1077 851 1326 898 Octobres:

240 934 443 980 Aestate
477 932 616 994 pueri
650 932 692 977 si
727 932 905 988 valent,
944 932 1061 978 satis
1097 932 1301 977 discunt.

772 1055 936 1103 LXV.

309 1152 433 1198 Cum
468 1155 517 1196 te
554 1149 843 1209 municipem
884 1147 1246 1194 Corinthiorum

311 1232 482 1288 Iactes,
521 1228 858 1284 Charmenion,
897 1232 1104 1288 negante
1139 1226 1288 1280 nullo,

311 1311 410 1356 Cur
443 1310 595 1355 frater
627 1307 722 1354 tibi
755 1308 898 1364 dicor,
937 1323 998 1353 ex
1034 1306 1236 1352 Hiberis

311 1391 379 1436 Et
413 1389 564 1436 Celtis
599 1388 793 1450 genitus
829 1387 1040 1449 Tagique
1076 1386 1230 1433 civis?

312 1472 397 1516 An
431 1469 571 1516 voltu
607 1469 787 1515 similes
821 1468 1043 1514 videmur
1077 1467 1210 1513 esse?

313 1550 387 1595 Tu
423 1549 551 1594 flexa
584 1548 770 1594 nitidus
805 1563 938 1593 coma
972 1546 1175 1608 vagaris,

309 1629 547 1691 Hispanis
582 1645 668 1690 ego
704 1632 966 1674 contumax
1001 1626 1219 1687 capillis3

312 1710 457 1756 Levis
492 1708 694 1770 dropace
729 1713 785 1754 tu
821 1707 1076 1765 cotidiano,

321 1789 544 1837 Hirsutis
580 1805 666 1850 ego
701 1788 920 1834 cruribus
955 1787 1183 1849 genisque
1199 1803 1211 1844 3

316 1871 383 1918 Os
417 1870 633 1917 blaesum
667 1870 760 1915 tibi
795 1868 1060 1929 debilisque
1095 1866 1262 1927 lingua
1297 1868 1383 1922 est,

313 1951 471 1998 Nobis
504 1950 668 1996 fistula
702 1948 875 1995 fortius
909 1948 1165 2009 loquetur:

314 2032 434 2076 Tam
469 2030 632 2092 dispar
666 2029 855 2090 aquilae
890 2022 1110 2073 columba
1145 2041 1243 2071 non
1279 2031 1364 2081 est,

318 2112 366 2157 N
371 2128 423 2157 ec
459 2112 624 2157 dorcas
659 2110 815 2170 rigido
850 2108 1001 2168 fugax
1037 2106 1179 2152 leoni.

316 2191 475 2246 Quare
510 2189 674 2235 desine
708 2204 784 2234 me
821 2203 987 2233 vocare
1022 2185 1237 2242 fratrem,

317 2270 396 2316 Ne
430 2275 493 2327 te,
532 2269 874 2324 Charmenion,
911 2282 1074 2312 vocem
1110 2280 1330 2310 sororem.

786 2393 946 2440 LXX.

187 2492 325 2549 Quod
361 2489 482 2535 mihi
516 2488 602 2533 vix
638 2503 764 2533 unus
799 2491 902 2531 toto
938 2485 1060 2530 liber
1094 2487 1235 2529 exeat
1269 2496 1411 2537 anno,

253 2569 479 2617 Desidiae
514 2567 603 2613 tibi
641 2582 762 2623 sum,
801 2565 939 2611 docte
975 2563 1151 2620 Potite,
1190 2576 1313 2607 reus.

1532 788 1589 820 10

1541 1877 1597 1908 10
