1732 2959
435 125 648 170 LIBER
694 127 1298 178 SPECTAGULORUM.
1576 139 1603 182 5

773 289 976 350 XXVL

133 389 273 434 Lusit
308 389 573 436 Nereidum
609 392 774 438 docilis
810 393 981 440 chorus
1016 410 1223 456 aequore
1258 401 1362 442 toto

197 467 263 513 Et
296 470 432 515 vario
465 471 624 517 faciles
660 472 828 518 ordine
862 474 1025 535 pinxit
1060 491 1219 536 aquas.

131 546 335 592 Fuscina
370 549 513 594 dente
548 549 716 596 minax
748 558 878 597 recto
913 553 1021 610 fuit,
1061 569 1234 599 ancora
1269 571 1446 602 curvo:

198 626 500 675 Credidimus
534 645 721 675 remum
756 632 1142 694 credidimusque
1178 641 1347 693 ratem,

129 704 194 749 Et
227 711 420 765 gratum
453 708 615 754 nautis
650 709 782 755 siclus
818 710 1001 772 fulgere
1038 712 1284 759 Laconum
1576 733 1597 778 5

194 783 410 845 Lataque
444 787 693 846 perspicuo
724 788 833 834 vela
866 794 1055 836 tumere
1090 792 1212 838 sinu.

128 862 248 917 Quis
282 868 444 910 tantas
477 864 675 925 liquidis
708 872 835 914 artes
871 870 1062 915 invenit
1096 871 1147 915 in
1184 871 1357 918 undis?

193 943 300 986 Aut
334 942 497 989 docuit
533 944 666 991 lusus
701 945 787 993 hos
823 948 990 995 Thetis
1025 956 1110 996 aut
1152 952 1333 998 didicit.

715 1175 976 1223 XXVIII.

123 1293 336 1354 Augusti
368 1293 505 1339 labor
538 1293 615 1339 hic
649 1293 807 1340 fuerat
842 1296 1142 1343 committere
1177 1298 1346 1344 classes

188 1372 254 1418 Et
288 1372 416 1419 freta
448 1373 612 1418 navali
647 1375 905 1421 sollicitare
941 1377 1074 1423 tuba.

124 1452 337 1498 Caesaris
371 1453 487 1499 haec
521 1454 676 1500 nostri
710 1470 820 1516 pars
855 1462 929 1501 est
963 1457 1143 1517 quotait
1185 1457 1310 1503 vidit
1344 1457 1397 1503 in
1432 1460 1574 1506 undis

186 1532 253 1577 Et
288 1532 455 1579 Thetis
490 1535 679 1594 ignotas
713 1540 762 1580 et
798 1534 1002 1581 Galatea
1036 1536 1159 1581 feras
1177 1554 1189 1594 3
1523 1589 1526 1591 Α

120 1611 262 1657 Vidit
295 1612 347 1657 in
382 1628 615 1674 aequoreo
649 1613 890 1660 ferventes
927 1617 1124 1675 pulvere
1158 1632 1327 1661 currus
1566 1633 1589 1678 5

185 1690 251 1735 Et
286 1691 469 1736 domini
504 1692 675 1738 Triton
708 1693 802 1739 isse
836 1696 1032 1755 putavit
1067 1710 1244 1755 equos:

119 1770 346 1832 Dumque
383 1777 518 1832 parat
552 1773 706 1818 saevis
740 1774 926 1820 ratibus
961 1775 1061 1821 fera
1095 1776 1276 1836 praelia
1311 1776 1514 1831 Nereus,

185 1852 395 1898 Horruit
429 1853 481 1898 in
515 1854 714 1915 liquidis
749 1855 819 1901 ire
853 1856 1075 1917 pedester
1109 1856 1260 1916 aquis.

119 1931 366 1992 Quidquid
400 1937 447 1978 et
481 1932 532 1977 in
571 1932 709 1979 Circo
744 1939 988 1995 spectatur
1023 1942 1071 1981 et
1107 1935 1503 1996 Amphitheatro,

182 2011 332 2057 Dives
368 2012 598 2059 Caesarea
636 2014 881 2074 praestitit
915 2015 1047 2060 unda
1081 2015 1187 2060 tibi.
1535 2033 1590 2061 10

115 2091 328 2137 Fucinus
362 2098 410 2138 et
445 2093 571 2154 pigri
604 2099 857 2140 taceantur
890 2100 1060 2157 stagna
1095 2095 1335 2141 Neronis:

181 2170 325 2216 Hanc
360 2173 525 2217 norint
559 2189 707 2218 unam
743 2174 931 2219 saecula
971 2175 1324 2220 naumachiam.

740 2399 946 2447 XXIX.

114 2512 234 2558 Cum
269 2513 484 2561 traheret
520 2516 726 2578 Priscus,
765 2519 980 2565 traheret
1015 2521 1279 2567 certamina
1315 2521 1476 2569 Verus

179 2590 320 2636 Esset
355 2597 403 2637 et
437 2595 651 2655 aequalis
687 2595 823 2643 Mars
857 2599 1112 2659 utriusque
1148 2600 1247 2657 diu,
