1732 2959
686 99 819 148 LIB.
870 95 958 142 IV.
1497 80 1558 125 49

750 246 897 293 XIV.

353 359 455 416 Sili,
494 354 790 404 Castalidum
827 351 971 395 decus
1006 358 1238 399 sororum,

356 440 452 496 Qui
487 435 699 500 periuria
733 429 927 478 barbari
961 425 1136 473 furoris

357 517 556 580 Ingenti
591 514 769 577 premis
804 527 885 557 ore
920 508 1222 570 perfidosque

357 602 514 644 Astus
550 591 846 640 Hannibalis
882 589 1104 647 levesque
1140 584 1327 629 Poenos

358 677 554 738 Magnis
589 674 752 720 cedere
788 669 916 729 cogis
949 664 1224 712 Africanis:
1545 671 1567 717 5

360 757 568 804 Paulum
605 752 812 814 seposita
847 748 1118 802 severitate,

363 837 494 881 Dum
529 832 707 878 blanda
742 843 892 888 vagus
929 826 1031 870 alea
1068 821 1334 869 December

362 912 570 961 Incertis
606 914 746 956 sonat
780 908 894 952 hinc
930 912 977 949 et
1013 903 1124 949 hinc
1158 899 1343 945 fritillis

363 996 429 1041 Et
463 992 589 1038 ludit
623 995 731 1050 tios
717 1005 764 1034 3
797 986 1026 1047 nequiore
1061 983 1175 1039 talo,

364 1073 567 1124 Nostris
596 1071 697 1116 otia
731 1066 979 1114 commoda
1017 1061 1255 1110 Camenis
1521 1071 1576 1100 10

364 1155 413 1201 N
417 1170 468 1200 ec
501 1134 643 1198 toi-Ga
677 1150 780 1209 lege
816 1147 990 1202 fronte,
1029 1143 1113 1189 sed
1147 1141 1346 1186 iemissa

367 1232 581 1280 Lascivis
614 1229 834 1274 madidos
868 1227 985 1272 iocis
1020 1223 1220 1269 libellos.

369 1313 446 1359 Sic
480 1311 641 1356 forsan
676 1315 812 1352 tener
847 1319 992 1349 ausus
1028 1307 1101 1347 est
1137 1298 1359 1346 Catullus

331 1385 335 1389 ⁴
369 1392 550 1452 Magno
587 1389 781 1434 mittere
815 1399 1054 1446 passerem
1091 1378 1299 1427 Maroni.

788 1552 902 1598 XV.
944 1566 973 1595 γ’

109 1668 247 1715 Mille
281 1665 373 1711 tibi
406 1676 629 1709 nummos
664 1659 889 1704 hesterna
923 1655 1029 1699 luce
1063 1649 1255 1712 roganti

175 1749 238 1793 In
273 1762 357 1791 sex
391 1749 476 1789 aut
511 1746 707 1800 septem,
746 1735 1030 1791 Caeciliane‚
1070 1732 1184 1787 dies,

112 1828 268 1875 “Non
303 1821 499 1871 habe0''
537 1820 668 1865 dixi:
715 1817 798 1862 sed
832 1821 888 1861 tu
924 1818 1146 1860 causatus
1181 1808 1323 1855 amici

177 1907 463 1953 Adventum
496 1901 680 1945 lancem
715 1910 961 1957 paucaque
995 1907 1110 1936 vasa
1145 1904 1295 1949 rogas.

112 1987 303 2035 Stultus
338 1984 420 2028 es?
465 1997 529 2026 an
564 1978 769 2024 stultum
807 1990 882 2018 me
916 1971 1083 2027 credis,
1121 1967 1309 2013 amicett
1360 1961 1533 2024 negavi
1559 1975 1582 2021 5

179 2066 320 2112 Mille
355 2062 446 2109 tibi
480 2074 714 2114 nummos,
751 2055 887 2100 milia
921 2052 1136 2113 quinque
1172 2046 1333 2094 dabo?

742 2217 951 2265 XVIII.

183 2328 291 2383 Qua
324 2325 485 2371 vicina
518 2323 645 2384 pluit
679 2318 915 2381 Vipsanis
947 2320 1090 2378 porta
1123 2294 1361 2358 columnis

251 2406 318 2451 Et
350 2404 512 2450 madet
547 2401 738 2447 assiduo
772 2397 987 2443 lubricus
1021 2394 1175 2439 imbre
1209 2390 1345 2451 lapis,

187 2487 249 2531 In
285 2484 505 2545 iugulum
539 2481 692 2543 pueri,
731 2479 815 2540 qui
848 2476 1034 2522 roscida
1069 2478 1197 2519 tecta
1232 2469 1435 2519 subibat,

254 2564 452 2610 Decidit
483 2563 687 2607 hiberno
722 2555 1000 2620 praegravis
1033 2552 1165 2598 unda
1199 2549 1341 2611 gelu:

256 2679 303 2709 M.
1435 2648 1463 2690 4
