1732 2959
142 99 202 146 90
689 104 783 149 MA
793 105 1080 155 RTIALIS

785 249 978 297 XLVI.
1002 271 1004 273 ·

138 366 486 415 Commendare
521 375 664 416 tuum
700 371 814 416 dum
852 372 927 418 vis
962 373 1083 419 mihi
1118 375 1331 422 carmine
1366 393 1543 423 munus

203 447 524 510 Maeonioque
561 451 695 511 cupis
731 452 921 498 doctius
957 470 1038 500 ore
1073 454 1218 517 loqui,

136 529 401 576 Excrucias
436 533 604 578 multis
640 534 824 594 pariter
857 551 934 580 me
969 540 1113 598 teque
1149 537 1334 595 diebus,

203 609 269 656 Et
302 617 389 657 tua
424 613 482 658 de
516 619 696 671 nostro,
734 614 911 672 Prisce,
949 616 1121 663 Thalia
1155 623 1298 664 tacet.

135 687 388 737 Divitibus
424 693 604 753 poteris
639 709 801 740 musas
837 695 1088 757 elegosque
1123 704 1348 744 sonantes
1595 712 1617 758 5

200 771 429 817 Mittere:
469 774 760 834 pauperibus
797 790 1010 833 munera,
1051 776 1226 835 Prisce,
1266 779 1392 825 dato.

766 948 988 995 XLVII.

134 1072 402 1118 Doctorum
439 1074 598 1121 Licini
632 1076 939 1124 celeberrime
976 1079 1099 1125 Sura
1135 1081 1365 1138 virorum,

200 1152 350 1199 Cuius
387 1147 542 1215 prisca
574 1171 745 1217 graves
779 1158 948 1220 lingua
981 1161 1179 1206 reduxit
1214 1177 1342 1219 avos,

134 1233 383 1293 Redderis,
421 1235 532 1293 heu,
569 1243 752 1298 quanto
789 1239 1002 1286 fatorum
1037 1245 1267 1288 munere!
1307 1243 1460 1299 nobis,

198 1314 409 1360 Gustata
445 1316 625 1363 Lethes
660 1334 812 1379 paene
847 1321 1075 1367 remissus
1110 1337 1248 1383 aqua.

131 1393 454 1440 Perdiderant
488 1396 586 1441 iam
622 1404 738 1442 vota
773 1404 958 1445 metum
994 1415 1255 1462 securaque
1290 1401 1438 1447 flebat
1593 1416 1616 1463 5

196 1472 417 1520 Tristitia
453 1480 503 1520 et
537 1476 749 1523 lacrimis
784 1478 980 1540 iamque
1015 1486 1239 1540 peractus
1275 1496 1392 1526 eras.

131 1553 246 1598 Non
283 1555 397 1600 tulit
433 1557 675 1603 invidiam
709 1560 847 1606 taciti
884 1567 1110 1622 regnator
1134 1563 1336 1607 'Averni

199 1635 264 1680 Et
298 1642 462 1697 raptas
496 1637 612 1683 fatis
647 1639 861 1685 reddidit
896 1640 999 1702 ipse
1034 1641 1178 1687 colus.

131 1714 232 1760 Scis
267 1715 432 1775 igitur,
463 1724 671 1777 quantas
707 1718 961 1765 hominum
995 1737 1124 1766 mors
1158 1721 1280 1767 falsa
1316 1722 1552 1782 querellas

196 1793 424 1852 Moverit,
464 1801 511 1840 et
547 1795 723 1842 frueris
758 1799 1041 1858 posteritate
1076 1806 1172 1845 tua.
1560 1816 1617 1846 10

128 1871 259 1918 Vive
294 1874 430 1919 velut
465 1880 604 1936 rapto
640 1876 942 1939 fugitivaque
976 1879 1154 1940 gaudia
1189 1896 1356 1940 carpe:

194 1952 468 2000 Perdiderit
503 1955 694 2002 nullum
729 1958 834 2003 vita
868 1974 1059 2005 reversa
1094 1960 1235 2006 diem.

744 2134 997 2182 XLVIII.

327 2264 451 2311 Cum
486 2281 676 2312 mensas
713 2267 888 2312 habeat
924 2266 1026 2312 fere
1060 2271 1315 2322 trecenta-S,

326 2342 423 2387 Pro
459 2343 637 2389 mensis
671 2343 820 2389 habet
855 2343 1054 2389 Annius
1089 2344 1366 2388 ministros:

326 2422 688 2468 Transcurrunt
723 2423 926 2484 gabatae
961 2423 1226 2483 volantque
1261 2422 1432 2468 lances.

327 2501 436 2546 Has
471 2501 609 2547 vobis
644 2502 811 2563 epulas
846 2501 1035 2559 habete,
1074 2501 1226 2546 lauti:

327 2579 432 2625 Nos
468 2580 759 2625 offendimur
794 2580 1075 2626 ambulante
1111 2596 1240 2626 cena.
1590 2594 1613 2639 5
