1732 2959
699 133 828 179 LIB.
879 132 970 179 IX.
1482 135 1571 180 123

99 239 288 286 Deinde
322 239 516 285 haerere
552 245 636 284 tuo
673 239 827 297 lateri,
865 237 1145 299 praecedere
1181 237 1361 296 sellam,

163 320 244 365 Ad
281 320 468 365 vetulas
502 324 660 364 tecum
698 319 805 379 plus
841 319 1001 364 minus
1036 318 1107 364 ire
1143 318 1317 365 decem.

97 397 230 442 Trita
265 397 460 458 quidem
494 397 634 442 nobis
669 397 836 457 togula
870 402 944 442 est
979 396 1186 457 vilisque
1222 401 1487 457 vetusque:
1551 412 1574 458 5

164 477 370 522 Denaris
404 482 570 521 tamen
603 476 727 521 hanc
763 492 861 521 non
896 492 1013 532 emo,
1052 476 1214 533 Basse,
1255 476 1423 521 tribus.

794 642 875 689 OI.

96 766 273 826 Appia,
311 780 453 825 quam
490 763 638 810 simili
671 764 974 810 venerandus
1008 764 1062 809 in
1098 764 1311 811 Hercule
1348 765 1523 812 Caesar

162 843 432 897 Consecrat,
468 842 718 888 Ausoniae
752 844 966 889 maxima
1001 845 1130 890 fama
1164 846 1286 901 viae,

97 918 151 963 Si
184 918 318 978 cupis
352 917 556 963 Alcidae
591 934 872 978 cognoscere
906 919 1035 964 facta
1069 920 1255 980 prioris,

163 998 336 1044 Disce:
372 998 533 1058 Libyn
568 998 768 1055 domuit),
806 1014 951 1044 aurea
985 1015 1127 1060 poma
1161 1001 1279 1046 tulin
1298 1017 1312 1059 3

99 1078 340 1123 Peltatam
378 1077 603 1138 Scythico
638 1077 872 1124 discinxit
907 1079 1159 1124 Amazona
1192 1081 1331 1137 nodo,
1551 1095 1575 1142 5

161 1156 373 1201 Addidit
407 1156 622 1201 Arcadio
658 1161 795 1217 berga
830 1156 985 1202 leonis
1021 1173 1136 1218 apro
1152 1174 1166 1216 3

97 1236 391 1297 Aeripedem
424 1235 562 1280 silvis
596 1250 801 1292 cervam,
841 1235 1204 1297 Sbymphalidas
1237 1236 1379 1282 asbris

161 1315 399 1371 Abstulib,
437 1315 497 1359 ab
533 1314 702 1375 Stygia
736 1330 845 1360 cum
880 1331 997 1360 cane
1030 1316 1167 1361 venii:
1201 1332 1327 1377 aqua
1334 1332 1348 1375 3

98 1393 373 1439 Fecundam
407 1393 567 1439 vetuib
601 1395 816 1454 reparari
849 1394 1085 1440 mortibus
1120 1394 1336 1454 hydram,

163 1473 427 1534 Hesperias
461 1474 614 1519 Tusco
649 1474 773 1518 lavit
806 1474 860 1518 in
893 1490 1036 1520 amne
1071 1476 1227 1521 boves.
1525 1493 1579 1522 10

97 1553 234 1599 Haec
268 1555 428 1600 minor
461 1553 682 1600 Alcides:
718 1553 872 1598 maior
906 1569 1030 1614 quae
1064 1555 1278 1615 gesserit,
1316 1555 1444 1613 audi,

164 1634 340 1680 Sextus
375 1634 435 1678 ab
470 1634 667 1678 Albana
701 1650 844 1695 quem
880 1633 995 1678 coiit
1030 1649 1137 1679 arce
1171 1635 1308 1696 lapis.

98 1715 324 1760 Asseruit
358 1730 570 1776 possessa
605 1714 744 1759 malis
780 1713 970 1759 Palatia
1002 1714 1185 1774 regnis:

164 1795 331 1841 Prima
364 1811 449 1841 suo
483 1796 629 1856 gessit
664 1810 750 1856 pro
786 1794 904 1839 Iove
939 1794 1068 1840 bella
1102 1811 1233 1855 puer.

99 1873 239 1920 Solus
273 1874 434 1920 Iuleas
470 1890 579 1920 cum
612 1874 711 1919 iam
744 1874 977 1919 retineret]
1011 1874 1233 1930 habenaS,
1525 1888 1600 1936 15*

164 1954 384 1999 Tradjdit
417 1954 564 2014 inque
599 1969 685 1999 suo
718 1954 894 1999 tertius
928 1953 1042 1999 orbe
1076 1954 1183 2000 fuit.

101 2035 295 2082 Cornua
330 2035 584 2082 Sarmatici
617 2040 693 2080 ter
727 2034 910 2095 perfida
944 2034 1167 2080 contudit
1203 2035 1382 2091 Histri,

167 2114 433 2160 Sudantem
469 2113 640 2160 Getica
673 2119 749 2159 ter
783 2114 896 2159 nive
931 2114 1054 2158 lavit
1089 2129 1280 2174 equum.

102 2195 251 2255 Saepe
285 2202 526 2240 recusatos
560 2209 730 2255 parcus
766 2193 962 2239 duxisse
996 2193 1269 2254 triumphos

172 2275 343 2320 Victor
377 2274 696 2335 Hyperboreo
731 2288 908 2318 nomen.
941 2274 1001 2317 ab
1037 2274 1151 2318 orbe
1185 2273 1315 2319 tuliis.
1524 2287 1584 2318 20

102 2353 299 2413 Templa
333 2353 447 2410 deis,
484 2367 640 2396 mores
675 2351 853 2412 populo
889 2352 1035 2409 dedic,
1073 2352 1173 2397 otia
1206 2352 1345 2408 ferro,

167 2430 318 2475 Astra
353 2430 464 2484 suis,
503 2430 632 2474 caelo
668 2428 838 2486 sidera,
876 2434 1005 2474 serta
1040 2429 1161 2476 Iovi.

106 2508 402 2555 Herculeum
435 2509 586 2554 tantais
619 2523 801 2553 numen
834 2524 932 2552 non
965 2508 1142 2553 sufficit
1177 2508 1318 2553 actis:

169 2589 370 2651 Tarpeio
405 2588 523 2634 deus
556 2588 634 2634 hic
669 2589 937 2634 commodeb
972 2604 1055 2633 ora
1089 2588 1228 2649 patri.
