1732 2959
657 124 1041 173 MARTIALIS

249 239 477 286 Gestator
520 242 657 299 patet
699 236 860 282 essedo
899 240 1104 290 tacente,

250 319 329 365 Ne
367 318 544 364 blando
582 321 690 363 rota
730 316 796 361 sit
832 314 1036 360 molesta
1076 328 1256 368 somno,

250 398 402 453 Quem
443 413 530 442 nec
567 411 789 456 rumpere
831 393 1083 440 nauticum
1124 392 1352 448 celeuma,

251 477 356 523 Nec
397 477 576 523 clamor
613 476 744 521 valet
780 474 1134 530 helciariorum,

250 557 373 604 Cum
411 557 476 603 sit
513 562 613 602 tam
656 571 803 618 prope
844 555 1078 611 Mulvius,
1121 568 1405 614 sacrumque

250 638 437 700 Lapsae
477 653 562 698 per
601 636 815 682 Tiberim
853 635 1019 680 volent
1059 634 1262 680 carinae.

251 716 362 763 Hoc
397 731 493 773 ruS,
530 731 613 761 seu
651 715 812 776 potius
848 714 1017 759 domus
1052 712 1268 758 vocanda
1303 716 1390 769 est,

253 796 573 843 Commendat
611 794 863 840 dominus:
899 798 1037 838 tuam
1075 792 1298 853 putabis3

252 877 371 922 Tam
410 892 509 922 non
550 875 719 920 invida
760 881 957 934 tamque
998 871 1226 929 liberalis,

251 959 370 1005 Tam
408 958 533 1004 comi
575 962 712 1018 patet
752 954 1101 1017 hospitalitate.

251 1040 431 1087 Credas
467 1039 665 1084 Alcinoi
705 1037 809 1100 pios
849 1036 1072 1091 Penates,

251 1122 360 1165 Aut
399 1119 517 1164 facti
555 1118 696 1164 modo
737 1116 906 1162 divitis
948 1113 1202 1161 Molorchi.

251 1199 355 1244 Vos
393 1214 522 1244 nunc
563 1197 727 1244 omnia
764 1212 915 1258 parva
956 1195 1040 1256 qui
1080 1194 1280 1256 putatis,

251 1278 469 1323 Centeno
507 1277 721 1339 gelidum
761 1277 920 1337 ligone
962 1275 1115 1320 Tibur

260 1357 350 1402 Vel
389 1357 652 1403 Praeneste
690 1356 883 1402 domate
925 1354 1283 1416 pendulamque

252 1436 359 1482 Uni
396 1436 557 1482 dedite
598 1435 782 1482 Setiam
818 1435 1015 1480 colono:

251 1515 385 1561 Dum
422 1532 498 1561 me
537 1515 696 1561 iudice
733 1515 1070 1576 praeferantur
1108 1513 1214 1558 istis

253 1596 352 1642 Iuli
393 1596 561 1658 iugera
600 1611 755 1657 pauca
793 1594 1055 1641 Martialis.

733 1839 990 1886 LXXIII.

189 2004 314 2051 Cum
354 2003 516 2064 gravis
558 2009 799 2048 extremas
837 2002 1076 2047 Vestinus
1116 2001 1310 2045 duceret
1349 1999 1492 2045 horas

254 2083 321 2129 Et
358 2084 457 2129 iam
498 2100 583 2144 per
625 2083 818 2144 Stygias
859 2088 985 2128 esset
1024 2082 1184 2126 iturus
1225 2095 1387 2141 aquas,

184 2164 379 2211 Ultima
419 2165 669 2210 volventes
710 2165 870 2209 oravit
905 2179 1054 2224 pensa
1094 2177 1290 2218 sorores,

252 2244 329 2291 Ut
369 2244 619 2289 traherent
658 2259 809 2304 parva
850 2243 1060 2288 stamina
1096 2241 1230 2302 pulla
1268 2257 1411 2287 mora.

185 2325 293 2370 Iam
334 2324 426 2370 sibi
462 2324 719 2370 defunctus
757 2324 880 2369 caris
917 2324 1030 2368 dum
1075 2322 1202 2367 vivit
1237 2321 1418 2378 amicis,

253 2404 519 2450 Moverunt
558 2404 754 2449 tetricas
794 2410 895 2449 tam
933 2403 1014 2464 pia
1053 2408 1167 2447 vota
1208 2402 1331 2447 deas.

186 2485 322 2531 Tunc
363 2485 520 2546 largas
560 2486 770 2545 partitus
812 2499 924 2544 opes
965 2499 994 2527 a
1030 2482 1135 2527 luce
1173 2481 1367 2527 recessit

253 2565 408 2627 Seque
448 2565 570 2610 mori
605 2571 714 2626 post
753 2565 842 2608 hoc
880 2563 1084 2609 credidit
1121 2561 1202 2607 ille
1243 2577 1418 2607 senem.

1544 330 1602 360 20

1544 1525 1599 1571 35
