1732 2959
125 142 188 190 78
676 137 1062 184 MARTIALIS

123 246 340 293 Scribere
374 246 636 293 versiculos
670 246 868 292 miseras
904 252 953 292 et
988 246 1186 308 perdere
1220 246 1422 292 chartas.

121 328 196 374 At
230 329 268 374 si
307 328 424 390 quid
458 332 653 373 nostrae
687 327 781 372 tibi
814 327 927 372 bilis
961 326 1193 373 inusserit
1227 326 1380 384 ardor,

122 411 275 456 Vivet
309 416 360 457 et
391 409 611 456 haerebit
644 412 843 468 totaque
881 407 1066 468 legetur
1101 407 1151 452 'm
1187 407 1320 462 urbe,
1545 425 1566 453 2
1575 422 1598 468 5

122 492 362 553 Stigmata
395 506 483 536 nec
517 489 654 534 vafra
687 487 868 532 delebit
904 485 1170 532 Cinnamus
1205 492 1321 532 arte.

122 569 217 616 Sed
250 568 476 614 miserere
512 568 600 624 tui,
638 565 805 611 rabido
840 581 928 610 nec
963 565 1182 626 perditus
1219 581 1298 611 ore

121 649 412 694 Fumantem
448 661 620 691 nasum
656 644 759 689 vivi
793 644 1107 705 temptaveris
1141 645 1253 691 ursi.

122 727 197 774 Sit
231 726 447 789 placidus
481 725 595 770 licet
629 728 679 769 et
712 723 897 768 lambat
930 723 1202 784 digitosque
1236 739 1516 784 manusque,

52 851 56 854 .
121 808 174 855 Si
208 807 343 854 dolor
379 811 427 852 et
461 805 587 862 bilis,
625 804 668 850 si
701 803 832 849 iusta
866 803 1074 864 coegerit
1108 804 1194 861 ira,
1540 819 1602 863 30

120 887 283 933 Ursus
317 884 442 931 erit:
489 898 642 928 vacua
677 882 846 928 dentes
880 881 933 926 in
967 881 1092 942 pelle
1126 880 1301 943 fatiges

119 967 187 1013 Et
220 965 421 1011 tacitam
455 978 671 1025 quaeras,
709 977 855 1024 quam
888 960 1040 1023 possis
1076 962 1255 1021 rodere,
1294 978 1497 1010 carnem.

784 1123 945 1169 LXV.

122 1246 476 1293 “Hexametris
510 1247 805 1309 epigramma
838 1246 988 1292 facis''
1028 1246 1124 1292 scio
1158 1246 1314 1292 dicere
1350 1246 1568 1293 Tuccam.

185 1327 356 1386 Tucca,
392 1326 515 1373 solet
548 1326 666 1383 fieri,
705 1326 926 1387 denique,
963 1325 1132 1383 Tucca,
1171 1326 1295 1372 licet.

121 1406 255 1453 “Sed
301 1412 466 1451 tamen
510 1406 600 1451 hoc
647 1406 844 1465 longum
891 1405 1006 1451 est.'’
1078 1404 1211 1450 Solet
1255 1405 1344 1451 hoc
1395 1420 1598 1466 quoque,

316 1487 486 1545 Tucca,
523 1487 759 1548 licetque:

185 1567 237 1612 81
270 1567 493 1612 breviora
526 1566 714 1628 probas,
752 1564 959 1611 disticha
993 1567 1093 1610 sola
1126 1565 1268 1626 legas.

121 1646 390 1693 Conveniat
424 1646 579 1704 nobis,
616 1651 673 1690 ut
706 1645 778 1691 fas
814 1646 1161 1707 epigrammata
1194 1645 1337 1706 longa
1575 1660 1599 1706 5

185 1727 260 1773 Sit
295 1726 500 1773 transire
537 1726 641 1783 tibi,
680 1726 900 1784 scribere,
939 1726 1107 1783 Tucca,
1145 1725 1276 1771 mihi.

751 1890 964 1936 LXXV.

120 2013 243 2058 Cum
276 2012 433 2058 mittis
468 2012 729 2058 turdumve
764 2012 886 2057 mihi
921 2011 1215 2073 quadramve
1251 2011 1512 2072 placentae,

186 2092 298 2139 Sive
332 2091 493 2138 femur
526 2092 715 2153 leporis,
753 2092 855 2138 sive
889 2091 1007 2153 quid
1042 2091 1119 2136 his
1154 2090 1311 2137 simile
1346 2098 1431 2149 est,

121 2173 368 2220 Buccellas
401 2172 588 2218 misisse
622 2178 734 2218 tuas
768 2177 830 2229 te,
869 2171 1060 2229 Pontia,
1100 2171 1228 2217 dicis.

185 2253 294 2300 Has
328 2269 413 2315 ego
448 2269 547 2298 non
580 2252 787 2309 mittam,
827 2251 1019 2307 Pontia,
1058 2250 1140 2297 sed
1173 2266 1262 2296 nec
1298 2250 1445 2296 edam.

739 2404 983 2450 LXXVI.

121 2522 214 2569 Ille
248 2522 372 2569 sacri
405 2523 571 2569 lateris
607 2528 767 2569 custos
803 2523 1074 2585 Martisque
1107 2524 1271 2585 togati,

187 2602 384 2649 Credita
418 2604 496 2649 cui
530 2604 708 2649 summi
742 2609 897 2650 castra
930 2604 1065 2649 fuere
1101 2604 1248 2660 ducis,
