1732 2959
137 135 196 181 62
680 127 1061 176 MARTJALIS

845 261 902 305 V.

136 372 296 430 Sexte,
338 369 595 416 Palatinae
636 367 794 413 cultor
830 366 1038 412 facunde
1079 366 1346 423 Minervae,

203 449 407 512 Ingenio
445 448 621 494 frueris
662 445 747 508 qui
787 446 1009 506 propiore
1050 446 1128 490 dei
1146 463 1158 504 3

136 532 267 577 Nam
308 530 402 576 tibi
438 532 689 573 nascentes
732 527 917 572 domini
957 542 1237 587 cognoscere
1277 542 1415 572 curas

201 611 267 656 Et
306 613 489 655 secreta
528 606 664 653 ducis
701 612 895 667 pectora
933 621 1071 651 nosse
1113 606 1254 653 licet:

137 689 213 735 Sit
253 689 384 734 locus
425 691 475 732 et
515 685 692 730 nostris
730 685 893 745 aliqua
932 684 1022 729 tibi
1056 689 1195 745 parte
1230 683 1422 740 libellis,
1584 698 1607 743 5

204 769 312 824 Qua
354 767 498 822 Pedo,
542 781 638 826 qua
679 765 875 810 Marsus
912 780 1102 826 quaque
1141 764 1364 811 Catullus
1402 764 1508 821 erit,

137 849 220 894 Ad
257 845 523 908 Capitolini
559 845 784 890 caelestia
820 845 1034 889 carmina
1067 844 1184 889 belli

205 927 399 974 Grande
435 924 715 971 cothurnati
748 940 872 985 pone
909 923 1127 969 Maronis
1162 939 1292 984 opus.

825 1060 917 1106 VI.

338 1154 391 1201 Si
423 1170 523 1200 non
559 1159 630 1199 est
663 1170 812 1214 grave
845 1169 933 1199 nec
967 1153 1113 1198 nimis
1148 1152 1416 1208 molestum,

339 1235 522 1291 Musae,
563 1235 885 1280 Parthenium
922 1239 1088 1295 rogate
1123 1239 1367 1279 vestrum:

340 1315 418 1361 Sic
452 1320 502 1360 te
537 1315 688 1360 serior
723 1320 772 1359 et
807 1315 949 1359 beata
983 1313 1226 1374 quondam

340 1395 485 1442 Salvo
523 1395 723 1440 Caesare
758 1395 899 1440 finiat
935 1398 1156 1440 senectus

340 1476 407 1522 Et
442 1475 506 1521 sis
540 1474 727 1520 invidia
762 1474 957 1520 favente
988 1473 1121 1532 felix,
1593 1488 1615 1534 5

342 1558 420 1603 Sic
457 1557 644 1602 Burrus
679 1556 775 1601 cito
811 1556 993 1601 sentiat
1027 1559 1305 1616 parentem:

340 1637 594 1683 Admittas
629 1635 854 1680 timidam
890 1636 1180 1694 brevemque
1216 1634 1432 1679 chartam

341 1718 484 1764 Intra
518 1716 688 1762 limina
724 1715 978 1761 sanctioris
1014 1716 1130 1761 aevi.

342 1799 490 1845 Nosti
524 1803 745 1858 tempora
779 1802 832 1842 tu
871 1796 1003 1841 Iovis
1046 1795 1215 1851 sereni,

344 1879 466 1924 Cum
501 1877 659 1938 fulget
694 1876 882 1938 placido
918 1891 1100 1938 suoque
1134 1875 1287 1934 voltu,
1565 1890 1620 1918 10

343 1959 449 2015 Quo
484 1958 554 2003 nil
591 1957 889 2018 supplicibus
925 1957 1045 2002 solet
1079 1972 1264 2017 negare.

341 2037 458 2084 Non
493 2041 566 2082 est
601 2035 727 2096 quod
764 2040 950 2080 metuas
985 2050 1148 2095 preces
1182 2034 1400 2095 iniquas:

343 2119 613 2178 Nunquam
648 2115 852 2176 grandia
887 2130 974 2160 nec
1010 2115 1211 2160 molesta
1246 2115 1398 2174 poscit

343 2197 477 2253 Quae
512 2195 652 2241 cedro
688 2195 910 2240 decorata
943 2209 1255 2255 purpuraque

257 2261 263 2264 “
343 2276 513 2338 Nigris
547 2274 724 2336 pagina
759 2274 912 2319 crevit
946 2273 1199 2318 umbilicis.
1566 2286 1618 2331 15

344 2356 450 2403 Nec
483 2354 756 2417 porrexeris
791 2354 899 2411 ista,
939 2353 1022 2398 sed
1057 2357 1222 2398 teneto

347 2437 425 2483 Sic
460 2442 695 2495 tanquam
730 2433 856 2478 nihil
891 2433 1062 2479 offeras
1097 2447 1314 2494 agasque.

348 2516 401 2563 Si
434 2515 550 2561 novi
585 2514 833 2559 dominum
869 2528 1043 2558 novem
1081 2528 1310 2568 sororum,

346 2597 497 2643 Ultro
532 2610 827 2657 purpureum
863 2598 996 2655 petet
1032 2593 1263 2639 libellum.
