1732 2959
143 140 205 186 94
693 140 1083 189 MARTIALIS

142 248 302 293 Parva
337 248 473 294 dabis
509 265 632 305 caro,
670 248 752 294 sed
788 249 949 295 dulcia
985 251 1124 308 dona,
1164 249 1344 296 sodali:
1600 266 1624 313 5

208 326 398 372 Certior
431 326 484 371 in
518 331 685 371 nostro
721 327 935 373 carmine
971 328 1132 373 voltus
1169 327 1275 373 erit.

143 412 345 458 Casibus
380 411 460 458 hic
495 412 657 468 nulliS,
695 411 845 458 nullis
879 412 1097 459 delebilis
1132 412 1273 458 annis

208 491 377 549 Vivet,
415 491 675 552 Apelleum
712 507 821 537 cum
856 493 1093 538 morietur
1128 508 1261 554 opus.

736 667 1039 714 LXXXVI.

209 789 292 834 Ad
328 787 579 833 natalicias
616 788 762 849 dapes
797 789 1018 847 vocabar,

211 868 379 913 Essem
415 883 523 912 cum
558 866 662 924 tibi,
704 867 865 923 Sexte,
904 884 1001 913 non
1037 868 1231 914 amicuS.

211 947 341 1004 Quid
375 948 556 993 factum
594 957 680 1004 est,
719 963 847 1008 rogo,
887 946 1005 1007 quid
1040 953 1238 1008 repente
1275 947 1459 993 factum
1495 953 1580 1004 est,

211 1028 329 1074 Post
363 1033 439 1074 tot
473 1027 676 1089 pignora
698 1026 890 1086 nostra,
928 1033 1037 1088 post
1074 1033 1148 1073 tot
1184 1044 1335 1074 annos

212 1107 352 1164 Quod
387 1124 494 1153 sum
529 1107 818 1169 praeteritus
854 1113 993 1152 vetus
1029 1107 1236 1152 sodalis?
1606 1122 1630 1169 5

212 1187 305 1234 Sed
341 1204 532 1234 causam
568 1189 678 1234 scio.
750 1187 903 1232 Nulla
937 1187 1074 1232 venit
1108 1204 1136 1233 a
1171 1203 1247 1233 me

212 1269 428 1330 Hispani
462 1269 554 1314 tibi
589 1269 713 1314 libra
748 1268 1000 1330 pustulati,

212 1348 318 1394 Nec
352 1348 473 1393 levis
508 1354 634 1408 toga,
670 1363 759 1393 nec
793 1347 938 1393 rudes
972 1347 1202 1393 lacernae.

213 1429 330 1474 Non
365 1433 438 1474 est
472 1428 702 1489 sportula,
740 1444 862 1489 quae
897 1427 1185 1489 negotiatur.

214 1509 379 1554 Pascis
414 1524 629 1565 munera,
671 1507 833 1566 Sexte,
868 1523 970 1554 non
1005 1508 1194 1554 amicos.
1581 1524 1637 1553 10

215 1589 321 1634 Iam
358 1589 485 1634 dices
521 1589 644 1633 mihi
683 1588 940 1650 “Vapulet
976 1588 1215 1634 vocator.''

817 1770 983 1818 XCII.

155 1890 245 1936 “Si
279 1891 396 1951 quid
431 1906 549 1951 opus
583 1890 747 1948 fuerit,
785 1890 875 1936 scis
912 1906 987 1935 me
1023 1905 1119 1935 non
1156 1904 1257 1934 esse
1293 1889 1560 1950 rogandum
1576 1887 1599 1909 ''

221 1969 335 2016 Uno
371 1971 444 2015 bis
479 1969 611 2028 dicis,
651 1970 873 2026 Baccara,
911 1975 1079 2030 terque
1114 1969 1204 2014 die.

152 2050 386 2111 Appellat
419 2051 576 2111 rigida
610 2051 766 2096 tristis
800 2067 877 2097 me
912 2066 1027 2096 voce
1064 2050 1343 2096 Secundus:

219 2131 393 2188 Audis,
432 2136 482 2176 et
516 2131 685 2187 nesciS,
723 2131 948 2189 Baccara,
986 2131 1105 2192 quid
1141 2130 1205 2174 sit
1240 2145 1371 2191 opus.

154 2209 330 2255 Pensio
366 2215 415 2255 te
452 2225 611 2254 coram
646 2210 833 2271 petitur
868 2211 1089 2270 clareque
1124 2209 1411 2270 palamque:
1615 2222 1638 2268 5

220 2291 393 2347 Audis,
432 2296 481 2335 et
516 2290 682 2347 nescis,
722 2291 943 2347 Baccara,
983 2290 1101 2351 quid
1137 2289 1201 2335 sit
1235 2305 1366 2350 opus.

157 2373 273 2417 Esse
308 2387 482 2432 queror
515 2371 793 2432 gelidasque
828 2371 948 2415 mihi
984 2372 1221 2430 tritasque
1256 2369 1497 2414 lacernas:

224 2451 396 2508 Audis,
435 2456 484 2497 et
518 2450 683 2506 nesciS,
724 2450 946 2508 Baccara,
986 2450 1102 2511 quid
1138 2449 1202 2494 sit
1237 2464 1368 2510 opus,

157 2530 268 2576 Hoc
303 2545 421 2591 opus
457 2535 542 2586 est,
581 2529 741 2574 subito
776 2530 862 2574 fias
899 2534 955 2574 ut
990 2529 1144 2573 sidere
1177 2533 1354 2585 mutus,

225 2609 395 2654 Dicere
431 2624 492 2654 ne
526 2609 689 2669 possis,
731 2608 954 2664 Baccara,
993 2607 1110 2668 quid
1145 2607 1210 2653 sit
1245 2622 1374 2668 opus.
1588 2620 1645 2652 10
