1732 2959
708 122 840 170 LIB.
900 122 980 169 VI.
1519 124 1578 170 77

103 232 178 277 Tu
210 237 375 277 tamen
408 230 538 276 hunc
572 229 752 275 tabulis
785 228 1024 288 heredem,
1063 228 1226 285 stulte,
1264 229 1500 289 supremis

169 311 346 358 Scribis
381 315 430 357 et
463 325 564 356 esse
596 314 682 354 tuo
716 309 805 366 vis,
843 308 1038 365 furiose,
1075 308 1190 354 loco.

107 390 352 438 “Munera
385 405 560 451 magna
593 394 758 435 tamen
789 389 964 434 misit.''
1035 388 1129 434 Sed
1156 388 1292 434 misit
1323 388 1375 434 in
1406 388 1548 435 hamo
1564 407 1576 447 3

165 471 232 517 Et
264 471 550 532 piscatorem
584 469 728 531 piscis
761 485 922 515 amare
955 469 1146 530 potest‘l
1546 472 1573 516 6

101 550 281 596 Hicine
315 549 511 595 deflebit
543 565 657 594 vero
693 553 779 594 tua
813 548 914 594 fata
948 548 1145 595 dolore‘l

167 630 214 676 Si
253 630 400 691 cupis,
437 635 495 674 ut
529 629 699 690 ploret,
738 629 834 686 des,
873 628 1109 685 Mariane‚
1145 627 1282 675 nihil.

744 784 934 831 LXIV.

102 905 223 951 Cum
259 905 321 951 sis
356 922 443 952 nec
478 906 633 966 rigida
667 907 929 953 Fabiorum
963 913 1107 969 gente
1142 914 1346 964 creatus,

98 984 150 1030 N
153 1000 204 1030 ec
237 986 428 1046 qualem
465 985 625 1044 Curio,
663 986 781 1032 dum
816 987 1019 1047 prandia
1052 992 1216 1049 portat
1250 988 1422 1046 aranti,

99 1065 309 1110 Hirsuta
342 1066 530 1127 peperit
564 1066 799 1126 deprensa
833 1068 921 1112 sub
955 1068 1064 1113 ilice
1099 1069 1338 1115 coniunx:

98 1146 194 1192 Sed
228 1147 382 1208 patris
415 1147 477 1192 ad
511 1147 759 1208 speculum
792 1149 923 1194 tonsi
957 1149 1223 1210 matrisque
1258 1154 1450 1211 togatae

98 1225 252 1271 Filius
288 1230 336 1271 et
371 1226 520 1287 possit
556 1243 780 1288 sponsam
814 1232 864 1274 te
899 1243 1072 1290 sponsa
1106 1244 1304 1276 vocare:
1551 1244 1574 1290 5

97 1305 367 1351 Emendare
402 1322 544 1362 meos,
584 1322 703 1368 quos
738 1308 877 1353 novit
911 1309 1051 1366 fama,
1088 1308 1275 1355 libellos

98 1384 165 1430 Et
197 1385 292 1430 tibi
325 1385 569 1445 permittis
603 1386 765 1444 felices
800 1402 993 1448 carpere
1026 1403 1213 1448 nugas:

97 1465 219 1524 Has,
254 1465 467 1526 inquam,
505 1481 671 1527 nugas,
710 1468 886 1527 quibus
927 1483 1094 1513 aurem
1135 1467 1388 1514 advertere
1423 1473 1574 1514 totam

96 1544 212 1590 Non
245 1549 569 1605 aspernantur
602 1561 820 1606 proceres
855 1547 1084 1607 urbisque
1119 1547 1320 1609 forique,

97 1625 227 1680 Quas
262 1630 311 1670 et
345 1625 568 1686 perpetui
602 1626 867 1687 dignantur
900 1627 1077 1672 scrinia
1113 1627 1201 1674 Sili
1520 1646 1575 1675 10

95 1704 161 1750 Et
195 1705 372 1765 repetit
406 1706 586 1751 totiens
621 1705 830 1752 facundo
866 1707 1084 1767 Regulus
1118 1723 1212 1766 ore,

96 1784 287 1845 Quique
321 1785 454 1830 videt
489 1786 685 1847 propius
719 1786 885 1848 magni
919 1787 1184 1833 certamina
1219 1788 1345 1833 Circi

95 1863 286 1908 Laudat
320 1864 601 1910 Aventinae
633 1864 824 1910 vicinus
860 1865 983 1911 Sura
1018 1865 1219 1913 Dianae.

93 1942 205 2003 Ipse
240 1944 386 1988 etiam
420 1948 559 1990 tanto
595 1944 817 1990 dominus
852 1946 941 1991 sub
974 1947 1184 2007 pondere
1217 1963 1380 1993 rerum

94 2020 211 2066 Non
245 2021 534 2082 dedignatur
568 2023 641 2068 bis
677 2031 848 2084 terque
882 2025 1129 2071 revolvere
1166 2025 1350 2074 Caesar.
1518 2043 1571 2089 15

96 2098 190 2145 Sed
223 2099 316 2145 tibi
349 2100 458 2161 plus
493 2103 684 2161 mentis,
721 2102 815 2148 tibi
849 2119 930 2149 cor
963 2103 1166 2150 limante
1202 2103 1430 2151 Minerva

93 2179 272 2225 Acrius
308 2185 356 2225 et
389 2186 560 2227 tenues
595 2183 846 2228 finxerunt
879 2188 1049 2244 pectus
1083 2185 1321 2232 Athenae.

94 2257 174 2304 Ne
209 2260 408 2317 valeam,
446 2261 488 2306 si
522 2277 620 2306 non
655 2262 810 2307 multo
845 2263 973 2324 sapit
1007 2263 1156 2309 altius
1191 2264 1328 2322 illud,

97 2338 239 2395 Quod
271 2354 381 2385 cum
414 2342 689 2401 panticibus
724 2342 849 2388 laxis
885 2349 935 2388 et
970 2360 1080 2389 cum
1114 2345 1236 2406 pede
1269 2345 1442 2405 grandi

95 2417 163 2463 Et
195 2418 342 2464 rubro
376 2420 604 2480 pulmone
638 2426 780 2467 vetus
814 2422 1039 2483 nasisque
1074 2422 1345 2469 timendum
1514 2441 1573 2470 20

96 2497 272 2543 Omnia
307 2499 513 2545 crudelis
547 2500 706 2546 lanius
741 2517 827 2562 per
861 2502 1071 2562 compita
1103 2508 1279 2564 portat.

96 2576 263 2622 Audes
297 2582 556 2637 praeterea,
594 2595 711 2640 quos
745 2580 910 2626 nullus
943 2581 1146 2641 noverit,
1182 2582 1234 2627 in
1267 2598 1344 2627 me
