1732 2959
86 127 146 172 86
635 121 1023 170 MARTIALIS

221 235 315 281 Sed
349 250 526 295 mappa
559 249 670 279 cum
703 231 803 277 iam
837 229 970 276 mille
1005 229 1249 289 rumpitur
1282 226 1438 285 furtis,

221 315 374 361 Rosos
409 314 597 375 tepenti
632 311 891 373 spondylos
926 310 1036 356 sinu
1077 308 1241 355 condit

221 395 289 442 Et
323 394 551 441 devorato
587 392 744 453 capite
779 394 1022 437 turturem
1062 393 1303 434 truncum.
1516 398 1568 446 15

223 475 459 536 Colligere
494 474 638 534 longa
673 478 815 533 turpe
848 487 936 517 neo
971 475 1113 532 putat
1148 470 1321 515 dextra

222 556 464 602 Analecta
498 553 733 616 quidquid
770 557 819 598 et
854 567 994 598 canes
1028 552 1342 611 reliquerunt.

226 638 330 684 Nec
366 636 612 682 esculenta
647 633 825 680 sufficit
857 633 998 694 gulae
1033 631 1223 693 praeda,

226 717 391 763 Mixto
425 716 648 776 lagonam
683 713 838 775 replet
873 711 933 758 ad
969 711 1112 773 pedes
1147 710 1275 755 vino.

227 795 365 840 Haec
399 810 484 856 per
517 793 748 839 ducentas
782 807 891 837 cum
927 790 1122 835 domum
1158 786 1276 833 tulit
1312 786 1462 832 scalas
1519 802 1577 831 20

229 875 384 935 Seque
419 873 639 919 obserata
673 870 817 917 clusit
852 869 1029 914 anxius
1064 867 1183 914 cella

230 954 440 1001 Gulosus
475 953 570 1010 ille,
609 957 799 1013 postero
835 951 912 996 die
947 948 1125 995 vendit.

763 1124 913 1170 XXI.

166 1263 303 1309 Haec
338 1267 411 1308 est
445 1261 530 1306 illa
564 1260 678 1315 dies,
716 1274 838 1319 quae
874 1256 1037 1318 magni
1072 1255 1260 1302 conscia
1294 1260 1461 1316 partus

234 1341 485 1388 Lucanum
521 1339 712 1401 populis
747 1344 796 1384 et
829 1337 936 1394 tibi,
974 1336 1125 1393 Polla,
1165 1336 1307 1382 dedit.

169 1422 314 1468 Heu!
350 1421 485 1467 Nero
520 1419 728 1465 crudelis
761 1417 993 1478 nullaque
1028 1415 1231 1461 invisior
1264 1416 1451 1470 umbra,

235 1501 421 1548 Debuit
455 1500 544 1545 hoc
579 1499 741 1544 saltim
776 1514 875 1543 non
910 1496 1098 1543 licuisse
1133 1495 1235 1541 tibi.

755 1674 939 1722 XXII.

173 1814 317 1860 Vatis
357 1810 604 1874 Apollinei
638 1824 814 1870 magno
848 1805 1173 1852 memorabilis
1208 1810 1318 1850 ortu

240 1895 353 1941 Lux
387 1893 542 1940 redit:
578 1890 831 1937 Aonidum
867 1887 1024 1943 turba,
1063 1886 1221 1931 favete
1256 1885 1414 1930 sacris.

176 1974 314 2020 Haec
347 1973 540 2030 meruit,
579 1986 687 2017 oum
722 1975 772 2014 te
806 1967 962 2023 terris,
1001 1966 1208 2019 Lucane,
1245 1964 1467 2021 dedisset,

241 2055 435 2100 Mixtus
471 2050 709 2099 Castaliae
745 2048 910 2094 Baetis
945 2052 1002 2092 ut
1036 2051 1158 2092 esset
1192 2061 1352 2106 aquae.

742 2223 949 2270 XXIII.

113 2351 320 2408 Phoebe,
359 2348 484 2406 veni,
523 2346 604 2393 sed
641 2352 853 2408 quantus
887 2362 1004 2403 eraS‚
1043 2361 1151 2390 cum
1188 2343 1313 2388 bella
1348 2340 1539 2386 tonanti

178 2431 290 2492 Ipse
327 2430 466 2475 dares
502 2427 671 2473 Latiae
706 2426 890 2488 plectra
924 2425 1131 2471 secunda
1165 2423 1309 2482 lyrae.

114 2511 243 2567 Quid
277 2514 420 2556 tanta
453 2523 540 2570 pro
575 2506 680 2552 luce
719 2508 917 2567 precer?
989 2506 1074 2562 Tu,
1113 2503 1265 2559 Polla,
1302 2486 1533 2547 maritum

180 2591 331 2652 Saepe
365 2589 492 2635 colas
527 2593 576 2634 et
610 2603 658 2634 se
694 2588 872 2632 sentiat
905 2587 988 2632 ille
1023 2585 1125 2632 coli.
