1732 2959
468 531 538 582 M.
578 529 737 580 VAL.
778 522 1179 577 MARTIALIS

438 693 1192 758 EPIGRAMMATON

657 868 869 914 LIBER
904 866 966 912 V.

793 998 833 1043 Ι.
916 996 963 1028 *s

82 1107 218 1154 Haec
254 1106 359 1165 tibi,
403 1103 651 1151 Palladiae
693 1116 778 1145 seu
818 1098 1019 1144 collibus
1058 1096 1210 1142 uteris
1249 1095 1422 1151 Albae,

147 1186 336 1243 Caesar,
379 1190 428 1230 et
464 1183 577 1228 hinc
612 1181 827 1226 Triviam
866 1176 1111 1239 prospicis,
1156 1175 1269 1220 inde
1309 1174 1500 1231 Thetin,

80 1267 176 1313 Seu
213 1271 302 1311 tua
340 1264 579 1309 veridicae
621 1261 814 1305 discunt
850 1273 1077 1318 responsa
1117 1271 1313 1314 sorores,

146 1347 301 1392 Plana
338 1343 606 1391 suburbani
647 1357 742 1403 qua
780 1340 925 1385 cubat
962 1338 1093 1383 unda
1133 1336 1248 1382 freti
1263 1353 1276 1394 3

81 1426 176 1472 Seu
216 1426 374 1487 placet
409 1424 607 1469 Aeneae
646 1419 830 1475 nutrix,
871 1434 955 1463 seu
995 1417 1097 1462 filia
1139 1416 1275 1472 Solis,
1532 1430 1554 1476 5

148 1505 260 1552 Sive
298 1503 563 1551 salutiferis
604 1501 836 1547 candidus
877 1499 1057 1543 Anxur
1093 1497 1231 1558 aquis
1247 1513 1260 1554 3

80 1585 342 1642 Mittimus,
383 1600 410 1628 o
451 1598 613 1628 rerum
654 1580 778 1625 felix
818 1578 974 1624 t'utela
1012 1577 1247 1637 salusque,

148 1665 335 1727 Sospite
372 1678 467 1725 quo
503 1666 697 1722 gratum
733 1659 970 1704 credimus
1011 1672 1111 1702 esse
1142 1656 1322 1701 Iovem.

81 1751 156 1796 Tu
192 1752 387 1794 tantum
427 1742 660 1803 accipias:
698 1756 783 1800 ego
825 1746 874 1783 te
914 1737 1084 1799 legisse
1124 1737 1306 1797 putabo

147 1831 213 1876 Et
258 1826 471 1874 tumidus
512 1823 655 1869 Galla
695 1819 980 1867 credulitate
1020 1818 1171 1863 fruar.
1503 1831 1558 1860 10

764 1999 864 2044 ΠΙ.

82 2115 263 2161 Accola
303 2115 400 2159 iam
438 2116 630 2157 nostrae
673 2109 833 2169 Degis,
879 2104 1176 2162 Germanice,
1221 2103 1368 2164 ripae,

148 2196 200 2241 A
235 2193 432 2240 famulis
474 2190 639 2237 Histri
675 2189 760 2250 qui
794 2188 888 2232 tibi
929 2185 1069 2231 venit
1106 2183 1256 2245 aquis,

83 2277 262 2322 Laetus
302 2278 352 2319 et
387 2271 628 2318 attonitus
664 2270 767 2313 viso
803 2267 945 2312 modo
987 2264 1204 2326 praeside
1241 2252 1450 2316 mundis

148 2355 345 2400 Affatus
383 2351 581 2397 comites
622 2349 801 2394 dicitur
837 2361 938 2391 esse
975 2360 1112 2390 suos:

87 2434 242 2480 “Sors
279 2448 385 2477 mea
424 2446 570 2491 quam
609 2428 775 2473 fratris
811 2425 995 2483 melior,
1035 2423 1114 2469 cui
1151 2427 1253 2467 tam
1295 2435 1444 2481 prope
1533 2432 1556 2478 5

280 2514 351 2558 fas
385 2516 458 2557 est

151 2590 370 2647 Cernere,
412 2594 514 2634 tam
544 2587 686 2647 longe
726 2601 869 2646 quem
906 2582 1020 2629 colit
1056 2582 1138 2627 ille
1169 2581 1358 2627 deum.''
