1732 2959
104 101 196 148 128
650 99 1038 147 MARTIALIS

765 293 913 340 XXI.

167 414 384 461 Scribere
419 418 469 458 te
503 429 625 475 quae
659 413 745 457 vix
779 413 1024 475 intelligat
1058 415 1160 476 ipse
1196 416 1449 464 Modestus

233 494 300 539 Et
335 493 419 538 vix
455 493 704 550 Claranus,
742 493 862 554 quid
895 510 1022 555 rogo,
1062 495 1222 553 Sexte,
1260 497 1432 542 iuvat?

167 574 282 621 Non
318 574 493 619 lectore
527 572 626 618 tuis
662 589 781 634 opus
817 578 902 632 est,
941 575 1025 620 sed
1058 576 1303 637 Apolline,
1343 576 1508 624 libris:

234 653 401 699 Iudice
437 659 486 698 te
521 653 673 699 maior
710 653 866 700 Cinna
899 654 1102 702 Marone
1137 656 1244 702 fuit.

167 734 245 780 Sic
280 740 366 780 tua
400 733 660 779 laudentur
694 749 837 780 sane:
885 750 992 780 mea
1025 736 1251 796 carmina,
1295 736 1455 795 Sexte,
1553 750 1576 797 5

234 814 571 860 Grammaticis
605 813 839 876 placeant,
874 820 931 860 ut
965 815 1068 862 sine
1105 816 1453 863 Grammaticis.

735 1053 937 1099 XXIV.

300 1185 502 1230 Natales
537 1184 658 1230 mihi
694 1184 905 1231 Martiae
942 1187 1209 1246 Kalendae,

301 1263 413 1308 Lux
446 1264 696 1310 formosior
730 1266 952 1311 omnibus
989 1265 1242 1324 Kalendis,

303 1343 411 1398 Qua
444 1344 652 1389 mittunt
687 1345 807 1389 mihi
841 1362 1017 1391 munus
1052 1351 1101 1392 et
1134 1347 1337 1408 puellae,

303 1423 713 1484 Quinquagesima
747 1423 846 1469 liba
881 1425 1229 1487 septimamque

302 1502 495 1549 Vestris
530 1503 751 1549 addimus
785 1504 909 1551 hanc
943 1505 1060 1552 focis
1091 1522 1312 1553 acerram.
1553 1522 1577 1570 5

302 1582 399 1628 His
434 1598 532 1640 vos,
571 1583 611 1628 si
645 1588 810 1628 tamen
845 1585 1053 1646 expedit,
1090 1587 1284 1647 roganti

301 1666 478 1709 Annos
512 1663 677 1710 addite
710 1665 784 1710 bis
819 1681 986 1726 precor
1019 1682 1244 1724 novenOS,

302 1743 379 1790 Ut
412 1744 630 1789 nondum
665 1744 816 1790 nimia
850 1745 987 1806 piger
1021 1752 1225 1804 senecta,

303 1822 398 1868 Sed
433 1823 564 1868 vitae
597 1824 756 1869 tribus
791 1825 915 1871 areis
948 1827 1156 1886 peractis

303 1902 460 1948 Lucos
495 1902 690 1965 Elysiae
725 1909 889 1964 petam
929 1906 1128 1966 puellae.
1476 1933 1486 1942 ·
1526 1922 1582 1952 10

303 1982 421 2028 Post
456 1983 545 2029 hoc
580 1983 792 2030 Nestora
826 2001 915 2030 nec
949 1985 1077 2031 diem
1112 1987 1300 2047 rogabo.

741 2217 942 2262 XXVI.

172 2349 318 2407 Vare,
357 2350 672 2396 Paraetonias
709 2351 853 2397 Latia
887 2351 1028 2398 modo
1064 2352 1165 2397 vite
1199 2367 1285 2412 per
1319 2352 1462 2397 urbes

238 2431 432 2477 Nobilis
467 2438 516 2476 et
551 2436 744 2476 centum
782 2432 882 2477 dux
917 2431 1224 2478 memorande
1259 2431 1389 2491 viris,

174 2511 244 2555 At
280 2526 422 2569 nunc,
461 2510 682 2556 Ausonio
718 2510 902 2556 frustra
937 2510 1166 2571 promisse
1202 2509 1421 2568 Quirino,

242 2589 452 2650 Hospita
488 2589 662 2650 Lagaei
697 2589 853 2635 litoris
891 2591 1059 2635 umbra
1092 2590 1228 2636 iaces.
