1732 2959
496 578 566 628 M.
622 577 775 628 VAL.
831 578 1238 632 MARTIALIS

424 717 1278 782 EPIGRAMMATON

698 869 913 916 LIBER
964 871 1057 917 IV.

854 1071 891 1116 I.
934 1065 973 1085 α,

133 1177 378 1222 CAESARIS
414 1175 542 1221 alma
577 1175 679 1222 dies
715 1182 764 1222 et
799 1175 905 1222 luce
940 1176 1171 1222 sacratior
1206 1177 1303 1234 illa,

198 1255 402 1301 Conscia
437 1255 700 1301 Dictaeum
737 1272 833 1316 qua
868 1256 986 1301 tulit
1022 1256 1114 1301 Ida
1150 1256 1332 1314 Iovem,

134 1335 312 1397 Longa,
351 1351 531 1397 precor,
572 1335 812 1397 Pylioque
848 1337 961 1382 veni
995 1337 1296 1382 numerosior
1330 1353 1450 1385 aevo

198 1416 398 1476 Semper
432 1422 481 1461 et
516 1416 606 1462 hoc
642 1417 780 1462 voltu
816 1417 893 1462 vel
931 1416 1128 1462 meliore
1164 1417 1278 1462 nite.

132 1495 231 1541 Hic
266 1496 392 1541 colat
426 1496 623 1542 Albano
659 1496 912 1541 Tritonida
946 1496 1131 1541 multus
1165 1496 1217 1541 in
1252 1512 1370 1541 auro
1586 1512 1610 1558 5

198 1574 387 1635 Perque
423 1590 596 1621 manus
631 1579 796 1621 tantas
831 1576 1042 1636 plurima
1076 1581 1280 1636 quercus
1315 1581 1395 1621 eat
1411 1591 1425 1633 3

133 1654 232 1700 Hic
266 1654 392 1700 colat
426 1654 614 1715 ingenti
651 1656 908 1701 redeuntia
944 1655 1131 1701 saecula
1167 1655 1323 1701 lustro

198 1735 264 1780 Et
298 1751 422 1797 quae
460 1736 730 1790 Romuleus
767 1752 900 1781 sacra
936 1736 1171 1781 Tarentos
1207 1736 1366 1782 habet.

133 1815 312 1876 Magna
347 1815 555 1876 quidem,
596 1815 782 1877 Superi,
821 1815 1045 1876 petimus,
1084 1815 1167 1861 sed
1203 1815 1367 1861 debita
1403 1817 1568 1862 terris:

197 1896 293 1941 Pro
327 1900 466 1941 tanto
502 1912 625 1957 quac
661 1902 776 1942 sunt
811 1896 1031 1957 improba
1065 1901 1181 1942 vota
1215 1896 1334 1942 deo?
1555 1913 1612 1943 10

840 2060 908 2107 Π.

328 2166 588 2225 Spectabat
623 2166 765 2212 modo
801 2168 932 2213 solus
966 2167 1096 2213 inter
1131 2183 1296 2214 omnes

326 2246 497 2307 Nigris
533 2262 711 2292 munus
747 2248 989 2294 Horatius
1025 2248 1242 2305 lacerniS‚

327 2325 451 2371 Cum
487 2326 622 2386 plebs
657 2332 707 2372 et
740 2328 899 2373 minor
934 2324 1050 2373 ordo
1085 2329 1422 2390 maximusque

327 2404 503 2451 Sancto
540 2421 647 2450 cuni
684 2406 803 2451 duce
840 2407 1073 2452 candidus
1108 2407 1305 2452 sederet.

326 2484 447 2530 Toto
482 2485 570 2529 nix
607 2486 778 2531 cecidit
814 2492 1012 2546 repente
1048 2486 1209 2532 caelo:
1579 2503 1604 2550 5

326 2562 472 2609 Albis
507 2569 692 2624 spectat
729 2564 968 2609 Horatius
1004 2565 1219 2610 lacernis.
