1732 2959
118 111 179 156 50
642 110 1034 157 MARTJALJS

180 216 399 278 Cumque
435 217 696 278 peregisset
731 216 895 261 miseri
931 215 1144 261 crudelia
1179 215 1293 273 fata,
1565 227 1590 276 5

252 298 430 343 Tabuit
465 298 515 342 111
552 297 705 342 calido
741 296 941 342 vulnere
975 312 1140 341 mucro
1174 301 1323 342 tener.

180 379 308 437 Quid
343 393 442 423 non
477 393 620 423 saeva
654 377 748 422 sibi
784 376 942 421 voluit
979 376 1198 421 Fortuna
1232 375 1408 421 licere‘l

244 459 354 504 Aut
388 457 472 502 ubi
507 473 604 501 non
640 472 768 501 mors
804 467 891 511 est,
930 455 970 500 si
1006 455 1238 516 iugulatis
1273 455 1462 516 aquae?

777 688 925 734 XIX.

112 797 255 843 Hanc
289 795 383 841 tibi
418 794 712 855 Sequanicae
748 794 976 854 pinguem
1012 792 1234 838 textricis
1267 793 1526 851 alumnam,

179 876 314 932 Quae
350 873 784 920 Lacedaemonium
818 873 1024 919 barbara
1057 888 1234 918 nomen
1268 872 1430 928 habet,

112 956 329 1014 Sordida,
367 955 448 1001 sed
484 954 643 1015 gelido
678 969 777 998 non
812 951 1114 1013 aspernanda
1150 950 1407 997 Decembri

176 1036 330 1094 Dona,
370 1034 673 1095 peregrinam
707 1032 949 1078 mittimus
984 1031 1314 1077 endromidam
1337 1049 1412 1076 :—

112 1118 207 1164 Seu
240 1117 430 1163 lentum
465 1131 653 1161 ceroma
688 1114 804 1160 teris
839 1113 1120 1174 tepidumve
1156 1112 1360 1172 trigona,
1568 1127 1591 1172 5

177 1198 289 1244 Sive
324 1197 553 1257 harpasta
587 1211 736 1240 manu
771 1193 1114 1256 pulverulenta
1148 1193 1277 1254 rapis
1294 1209 1306 1250 3

111 1278 314 1324 Plumea
348 1293 432 1322 seu
467 1276 569 1321 laxi
602 1275 801 1337 partiris
835 1274 1050 1336 pondera
1084 1272 1225 1329 follis,

178 1357 291 1404 Sive
327 1357 482 1403 levem
517 1372 661 1402 cursu
695 1355 888 1401 vincere
923 1353 1114 1415 quaeris
1150 1352 1323 1398 Athan
1344 1372 1421 1400 :—

111 1437 189 1483 Ne
223 1437 440 1482 madidos
474 1436 629 1481 intret
661 1435 960 1496 penetrabile
995 1434 1150 1494 frigus
1185 1433 1237 1478 in
1274 1438 1422 1490 artus,

178 1516 316 1562 Neve
351 1515 514 1577 gravis
548 1515 710 1561 subita
745 1521 794 1561 te
829 1520 1017 1576 premat
1053 1514 1149 1559 Iris
1184 1529 1337 1574 aqua:
1537 1529 1592 1557 10

111 1596 316 1642 Ridebis
349 1601 522 1641 ventos
557 1595 646 1640 hoc
680 1610 880 1639 munere
914 1599 1070 1639 tectus
1105 1590 1153 1638 et
1187 1591 1393 1637 imbres:

177 1677 282 1723 Nec
316 1676 384 1722 sie
419 1676 471 1721 in
506 1675 652 1735 Tyria
687 1674 887 1720 sindone
923 1673 1082 1718 cultus
1118 1674 1224 1718 eris.

768 1906 941 1952 XXV.

111 2017 324 2064 Aemula
359 2016 557 2061 Baianis
592 2015 758 2060 Altini
793 2015 937 2060 litora
973 2013 1101 2059 villis

178 2097 244 2143 Et
280 2095 607 2142 Phaethontei
641 2096 830 2141 conseia
864 2095 987 2140 silva
1022 2094 1142 2155 rogi,

112 2179 341 2239 Quaeque
377 2177 660 2222 Antenoreo
696 2176 949 2236 Dryadum
983 2174 1305 2236 pulcherrima
1341 2173 1509 2218 Fauno

177 2258 363 2320 Nupsit
396 2257 457 2303 ad
493 2257 749 2318 Euganeos
785 2256 896 2301 Sola
930 2255 1091 2316 puella
1125 2254 1268 2310 lacus,

112 2342 178 2387 Et
213 2345 270 2386 tu
304 2339 495 2385 Ledaeo
530 2338 649 2384 felix
682 2337 913 2398 Aquileia
948 2336 1162 2392 Timavo,
1564 2347 1588 2394 5

179 2420 279 2466 Hic
312 2419 398 2465 ubi
431 2423 654 2480 septenas
691 2417 913 2478 Cyllarus
947 2416 1112 2461 haurit
1145 2431 1323 2475 aquas:

112 2502 216 2547 Vos
251 2501 386 2546 eritis
421 2505 613 2545 nostrae
649 2498 837 2559 requies
874 2504 1137 2558 portusque
1175 2500 1407 2552 senectae,

179 2580 231 2626 Si
264 2579 385 2625 iuris
418 2578 602 2624 suerint
637 2577 736 2622 otia
770 2582 935 2621 nostra
971 2575 1057 2620 sui.
