1732 2959
705 98 837 144 LIB.
887 97 931 142 I.
1504 95 1562 141 13

86 208 201 254 Non
234 222 356 267 quae
391 205 449 250 de
483 203 636 249 tardis
671 206 929 247 servantur
962 198 1145 244 vitibus
1179 213 1302 243 uvae

152 286 388 334 Dulcibus
423 288 508 328 aut
543 286 732 327 certant
767 295 889 341 quae
923 277 1164 323 melimela
1197 277 1332 334 favis,

88 367 203 413 Non
237 365 341 427 pira
374 377 496 423 quae
530 361 673 420 longa
707 358 921 420 pendent
954 356 1158 417 religata
1190 360 1385 415 genesta
1540 368 1562 414 5

153 446 262 491 Aut
295 443 485 489 imitata
520 440 687 485 breves
723 437 908 483 Punica
942 452 1093 498 grana
1127 450 1269 491 rosas,

91 523 291 569 Rustica
324 521 559 566 lactantes
593 532 682 562 nec
716 516 851 561 misit
885 514 1079 561 Sassina
1113 518 1266 558 metas

153 603 258 648 Nec
292 600 351 645 de
386 596 579 645 Picenis
614 596 751 641 venit
785 595 912 640 oliva
947 594 1106 640 cadis:

92 681 267 726 Nudus
301 694 428 740 aper,
466 677 548 723 sed
583 681 632 720 et
665 675 744 720 hic
779 674 1008 719 minimus
1043 672 1291 734 qualisque
1326 671 1485 717 necari

155 761 205 805 A
239 775 337 804 non
371 762 557 803 armato
591 754 855 817 pumilione
890 756 1061 813 potest,
1513 767 1569 797 10

92 840 158 885 Et
188 838 312 884 nihil
343 838 457 883 inde
490 836 659 882 datum
684 839 758 879 est
772 851 784 892 3
820 837 1013 878 tantum
1037 831 1358 893 spectavimus
1392 845 1567 876 omnes.

158 921 343 966 Ponere
378 935 548 980 aprum
585 917 724 963 nobis
759 916 826 962 sic
861 921 910 961 et
943 914 1124 960 harena
1157 914 1288 959 solet.

93 1003 312 1049 Ponatur
346 1000 438 1046 tibi
472 998 634 1044 nullus
668 1013 784 1059 aper
817 1000 927 1057 post
960 994 1079 1040 talia
1113 994 1251 1051 facta,

159 1082 252 1128 Sed
286 1086 344 1126 tu
376 1079 570 1141 ponaris
604 1077 681 1122 cui
718 1075 1032 1122 Charidemus
1067 1089 1195 1135 apro.

779 1351 890 1397 LII.

295 1475 587 1524 Commendo
621 1474 725 1532 tibi,
765 1472 1042 1529 Quintiane,
1079 1476 1344 1517 nostros——

294 1557 498 1602 Nostros
532 1555 688 1600 dicere
723 1553 764 1599 si
797 1559 961 1599 tamen
994 1552 1180 1597 libellos

297 1641 514 1697 Possum,
552 1654 670 1699 quos
704 1636 878 1682 recitat
911 1641 1026 1680 tuus
1060 1639 1308 1696 poeta—z

298 1720 350 1767 Si
383 1720 441 1765 de
476 1718 672 1764 servitio
706 1716 844 1777 gravi
878 1719 1163 1776 queruntur,

297 1802 526 1847 Assertor
560 1798 724 1843 venias
759 1797 968 1857 satisque
1003 1800 1230 1857 praestes,
1550 1809 1572 1854 5

298 1882 377 1936 Et,
415 1896 524 1926 cum
559 1895 607 1924 se
643 1878 891 1924 dominum
926 1876 1118 1922 vocabit
1151 1875 1246 1929 ille,

302 1962 447 2007 Dicas
481 1976 581 2005 esse
615 1974 745 2004 meos
779 1973 1021 2018 manuque
1056 1956 1236 2002 missos.

301 2042 412 2087 Hoc
447 2041 488 2086 si
522 2046 691 2101 terque
725 2044 993 2100 quaterque
1028 2035 1305 2091 clamitaris,

300 2121 525 2182 Impones
559 2119 789 2180 plagiario
824 2117 1068 2179 pudorem.

769 2379 913 2428 LIII.
973 2364 1022 2394 ‘s

167 2521 284 2567 Una
318 2525 390 2565 est
423 2519 475 2564 in
509 2518 688 2563 nostris
723 2523 820 2574 tua,
860 2514 1131 2571 Fidentine,
1169 2511 1344 2558 libellis

168 2599 364 2661 Pagina,
401 2598 483 2643 sed
517 2603 646 2644 certa
681 2597 865 2642 domini
900 2597 1090 2657 signata
1124 2593 1289 2654 figura,
