1732 2959
784 118 913 164 LIB.
965 119 1006 162 ].
1580 119 1637 165 19

797 334 991 381 cVIII.
1028 322 1047 358 ⁷³

149 457 238 502 Est
271 456 364 501 tibi
398 457 555 517 sitque
589 471 756 516 precor
791 455 970 500 multos
1005 460 1278 516 crescatque
1314 471 1398 516 per
1432 471 1582 500 annos

215 535 424 580 Pulchra
458 534 668 594 quidem,
705 549 876 579 verum
910 533 1258 578 transtiberina
1292 533 1481 578 domus:

146 615 220 660 At
257 631 358 660 mea
394 615 638 675 Vipsanas
673 619 893 675 spectant
929 599 1155 658 cenacula
1189 614 1368 671 laurus,

211 695 386 740 Factus
419 694 471 738 in
506 693 594 738 hac
630 709 716 755 ego
750 709 855 737 sum
891 692 987 737 iam
1023 693 1217 752 regione
1252 708 1410 739 senex.

146 772 458 834 Migrandum
494 778 578 829 est,
615 779 672 817 ut
706 788 846 816 mane
882 771 1011 817 domi
1046 777 1108 826 te,
1149 771 1301 828 Galle,
1340 771 1576 818 salutem:
1608 787 1633 832 5

210 854 276 898 Es
311 853 452 916 tanti,
488 852 566 898 vel
601 852 644 897 si
677 852 868 913 longius
901 851 987 896 illa
1020 852 1156 897 foret.

145 932 239 979 Sed
274 933 364 978 tibi
399 947 498 978 non
532 932 745 977 multum
781 936 867 989 est,
894 946 1049 976 unum
1083 932 1124 975 si
1158 936 1350 991 praesto
1384 936 1634 992 togatum:

210 1014 428 1059 Multum
464 1019 548 1070 est,
585 1014 714 1059 hunc
748 1028 902 1057 unum
936 1013 991 1072 si,
1011 1011 1147 1067 mihi,
1185 1012 1338 1070 Galle,
1376 1027 1510 1073 nego.

143 1092 257 1152 Ipse
291 1093 512 1137 salutabo
548 1092 732 1137 decima
766 1097 816 1136 te
851 1090 1041 1151 saepius
1075 1090 1220 1136 hora:

210 1172 358 1218 Mane
391 1173 484 1218 tibi
518 1189 604 1233 pro
639 1188 716 1217 me
752 1171 878 1217 dicet
912 1183 1071 1216 AVETO
1107 1170 1240 1217 liber.
1576 1187 1635 1217 10

819 1360 954 1406 CIX.

342 1480 445 1525 Issa
479 1486 551 1524 est
586 1495 773 1539 passere
808 1477 1011 1538 nequior
1048 1477 1242 1535 Catulli,

340 1555 443 1600 Issa
477 1562 551 1600 est
584 1555 748 1615 purior
782 1556 943 1601 osculo
979 1555 1242 1609 columbae,

340 1632 446 1676 Issa
481 1637 554 1676 est
589 1630 809 1676 blandior
844 1634 1068 1677 omnibus
1101 1631 1290 1693 puellis,

340 1712 445 1756 Issa
480 1717 553 1757 est
588 1712 741 1756 carior
777 1712 959 1758 Indicis
994 1712 1186 1773 lapillis,

338 1787 442 1833 Issa
476 1792 549 1833 est
583 1787 781 1833 deliciae
816 1789 988 1834 catella
1027 1788 1181 1833 Publi.
1601 1800 1628 1847 5

338 1864 483 1909 Hanc
517 1870 587 1921 tu,
626 1864 667 1908 si
701 1865 935 1925 queritur,
973 1865 1109 1926 loqui
1142 1864 1338 1924 putabis
1356 1882 1368 1922 3

338 1943 500 1989 Sentit
533 1943 885 2004 tristitiamque
920 1944 1261 2005 gaudiumque.

339 2023 473 2069 Collo
506 2023 625 2068 nixa
659 2024 806 2068 cubat
840 2024 1065 2085 capitque
1100 2039 1304 2082 somnos,

336 2103 411 2148 Ut
446 2103 654 2164 suspiria
687 2103 824 2148 nulla
857 2105 1165 2161 sentiantur,

336 2181 402 2227 Et
437 2182 672 2227 desiderio
708 2187 872 2228 coacta
907 2183 1094 2228 ventris
1220 2204 1224 2207 ·
1571 2196 1630 2226 10

337 2261 493 2307 Gutta
525 2262 674 2322 pallia
708 2278 807 2308 non
841 2263 1014 2308 fefellit
1047 2262 1159 2321 ulla,

338 2339 432 2385 Sed
465 2340 641 2386 blando
675 2341 794 2401 pede
829 2342 1031 2387 suscitat
1064 2347 1266 2401 toroque

291 2455 293 2458 .
336 2420 531 2481 Deponi
564 2425 730 2466 monet
763 2425 813 2466 et
846 2427 985 2482 rogat
1017 2421 1182 2467 levari.

337 2499 510 2545 Castae
545 2505 715 2546 tantus
748 2501 877 2546 inest
909 2501 1066 2562 pudor
1100 2499 1309 2555 catellae,

337 2579 540 2640 Ignorat
573 2579 851 2639 Venerem;
899 2596 987 2626 nec
1020 2579 1297 2625 invenimus
1569 2590 1625 2637 15
