1732 2959
724 126 853 172 LIB.
905 124 946 172 I.
1517 125 1574 172 17

94 234 226 290 Quid
260 233 352 278 tibi
386 249 494 279 cum
531 232 733 278 Cirrha?
778 232 895 293 quid
929 248 1034 278 cum
1073 214 1370 278 Permesside
1408 233 1571 279 nuda?

162 312 431 356 Romanum
468 311 663 371 propius
699 310 993 371 divitiusque
1027 310 1185 355 forum
1220 315 1304 356 est.

94 390 204 435 Illic
237 405 346 434 aera
381 394 582 434 sonant:
617 394 668 433 at
704 389 884 434 circum
918 388 1108 449 pulpita
1142 394 1306 434 nostra

162 469 227 514 Et
259 468 447 514 steriles
481 468 730 513 cathedras
764 468 897 513 basia
933 469 1032 513 sola
1066 473 1274 529 crepant.

698 763 967 809 LXXXV.
1030 769 1063 802 Ἰ

98 883 346 929 Venderet
380 882 595 928 excultos
630 883 771 928 colles
806 899 915 928 cum
949 863 1118 944 ffiffiegb
1154 884 1337 928 facetus

163 964 331 1023 Atque
365 962 632 1008 suburbani
666 964 832 1024 iugera
867 963 1066 1024 pulchra
1101 963 1204 1021 soli,

100 1042 317 1088 “Errat''
353 1043 422 1087 ait
460 1043 536 1088 “si
572 1043 679 1103 quis
715 1042 876 1088 Mario
911 1047 1052 1103 putat
1088 1058 1189 1088 esse
1225 1058 1414 1088 necesse

164 1121 410 1167 Vendere:
457 1122 529 1167 nil
564 1123 718 1178 debet,
754 1122 939 1167 fenerat
973 1122 1121 1167 immo
1154 1121 1352 1183 magis.’'

103 1201 295 1256 “‘Quae
318 1203 442 1247 ratio
467 1207 538 1247 est
561 1202 791 1262 igiturtbffl
813 1202 1021 1248 “Servos
1044 1202 1114 1247 ibi
1136 1202 1347 1263 perdidit
1362 1216 1526 1247 omnes
1553 1215 1576 1262 5

165 1282 230 1326 Et
264 1297 407 1341 pecus
441 1287 490 1326 et
522 1281 724 1338 fructus,
762 1297 859 1327 non
894 1288 1024 1327 amat
1058 1282 1170 1327 inde
1204 1282 1376 1328 locum.
1392 1283 1414 1302 ⁷²

100 1361 220 1416 Quis
254 1363 431 1407 faceret
463 1362 673 1422 pretium
708 1362 804 1407 nisi
838 1362 925 1422 qui
961 1378 1046 1407 sua
1079 1362 1278 1423 perdere
1312 1362 1460 1408 vellet

167 1440 371 1486 Omnia?
422 1441 500 1486 Sic
537 1441 695 1486 Mario
730 1434 905 1486 noxius
940 1441 1105 1487 haeret
1138 1458 1261 1503 ager.

662 1743 1019 1789 LXXXVIII.

101 1865 303 1924 Alcime,
345 1881 487 1926 quem
522 1871 716 1925 raptum
752 1865 944 1910 domino
980 1864 1300 1910 crescentibus
1334 1861 1474 1908 annis

165 1945 408 1990 Lavicana
442 1945 538 1990 levi
572 1934 750 2006 cespite
785 1945 917 1990 velat
950 1945 1141 2003 humus,

101 2025 281 2085 Accipe
315 2041 412 2070 non
447 2024 590 2070 Pario
625 2013 853 2069 nutantia-
887 2025 1100 2090 ppndera
1134 2041 1262 2081 saxo,

167 2105 301 2160 Quae
335 2105 485 2150 cineri
519 2120 673 2149 vanus
708 2104 790 2150 dat
825 2105 1016 2149 ruitura
1050 2105 1197 2161 labor,

104 2183 198 2230 Sed
231 2183 392 2228 faciles
426 2184 581 2229 buxos
616 2189 666 2229 et
699 2199 869 2245 opacas
904 2184 1120 2247 palmitis
1158 2185 1353 2230 umbras

169 2262 395 2323 Quaeque
430 2261 590 2308 virent
624 2263 832 2308 lacrimis
866 2252 1050 2309 rb‘scida
1084 2268 1223 2324 prata
1257 2263 1386 2309 meis.

104 2343 296 2404 Accipe,
333 2359 440 2389 care
473 2360 604 2404 puer,
640 2344 795 2389 nostri
828 2344 1127 2390 monimenta
1161 2344 1338 2390 doloris
1365 2361 1373 2388 :

169 2424 266 2469 Hic
299 2424 391 2469 tibi
425 2429 657 2485 perpetuo
690 2428 905 2485 tempore
940 2425 1075 2470 vivet
1108 2425 1272 2470 honor.

103 2503 226 2549 Cum
261 2504 382 2549 mihi
415 2520 660 2566 supremos
696 2505 922 2551 Lachesis
956 2505 1231 2566 perneverit
1264 2521 1427 2560 annos,

168 2581 283 2626 Non
317 2583 458 2636 aliter
492 2583 674 2628 cineres
708 2584 884 2629 mando
919 2585 1071 2629 iacere
1106 2600 1246 2630 meos.
1529 2599 1586 2629 10

236 2687 283 2718 M.
1428 2673 1454 2717 2

1558 2195 1580 2241 Q]
