1732 2959
713 136 842 181 LIB.
898 135 981 181 IV.
1518 133 1579 178 53

104 247 282 291 Tecum
317 250 393 290 ter
427 244 575 289 denas
609 243 876 298 numeravi,
917 241 1160 296 Postume,
1198 240 1413 284 brumas:
1553 251 1576 298 5

172 323 456 371 Communis
490 322 630 368 nobis
666 322 818 367 lectus
853 326 903 366 et
936 336 1063 365 unus
1098 325 1213 365 erat.

105 406 208 452 Iam
246 405 423 450 donare
457 410 605 464 potes,
644 402 742 446 iam
778 401 975 462 perdere
1010 401 1183 461 plenus
1217 399 1468 454 honorum,

170 483 355 543 Largus
389 497 564 542 opum:
612 485 825 539 expecto,
865 479 1109 535 Postume,
1148 477 1265 538 quid
1300 477 1461 521 facias.

106 563 192 607 Nil
227 563 355 619 facis,
395 568 443 607 et
478 578 637 607 serum
672 566 744 606 est
780 561 929 604 alium
965 559 1085 604 mihi
1121 573 1349 620 quaerere
1384 573 1554 617 regem.

171 643 293 699 Hoc,
332 643 562 697 Fortuna,
601 641 794 701 placetss
846 640 1104 684 Postumus
1138 637 1380 699 imposuit.
1523 653 1579 682 10

745 799 936 844 XLIV.
959 815 1004 846 ยน.

105 909 205 955 Hic
240 914 312 954 est
347 897 614 969 pampineis
650 906 820 951 viridis
856 904 997 950 modo
1033 903 1246 949 Vesvius
1281 902 1479 960 umbris,

172 989 418 1034 Presserat
453 989 530 1034 hic
565 987 782 1033 madidos
816 985 993 1031 nobilis
1028 1000 1124 1029 uva
1158 984 1302 1029 lacus.

106 1069 242 1114 Haec
277 1070 402 1130 iuga,
430 1086 575 1130 quam
613 1069 776 1129 Nysae
812 1067 953 1112 colles
989 1066 1097 1126 plus
1132 1065 1350 1110 Bacchus
1385 1064 1580 1120 amavit,

173 1148 283 1193 Hoc
317 1164 472 1209 nuper
509 1147 672 1207 Satyri
707 1151 869 1192 monte
886 1146 1079 1222 fdedere
1114 1144 1293 1190 choros.

108 1226 244 1270 Haec
278 1225 490 1270 Veneris
525 1225 670 1280 sedes,
710 1212 1068 1269 Lacedaemone
1102 1222 1284 1283 gratior
1317 1221 1402 1279 illi,
1556 1236 1580 1282 5

173 1305 272 1350 Hic
306 1304 439 1350 locus
474 1304 718 1349 Herculeo
753 1303 953 1348 numine
988 1302 1145 1348 clarus
1182 1307 1296 1348 erat.
1302 1337 1316 1363 L

108 1383 297 1429 Cuncta
331 1383 490 1428 iacent
527 1382 729 1427 flammis
764 1387 812 1427 et
846 1381 978 1426 tristi
1013 1397 1166 1426 mersa
1200 1366 1395 1426 sabina:

173 1463 278 1509 Nec
313 1463 474 1523 superi
509 1463 691 1507 vellent
726 1462 813 1506 hoc
848 1461 1037 1506 licuisse
1073 1461 1175 1507 sibi.

757 1608 950 1655 XLVI.

307 1712 586 1758 Saturnalia
621 1714 820 1758 divitem
862 1714 1106 1759 Sabellum

311 1792 577 1838 Fecerunt:
624 1794 796 1839 merito
832 1800 992 1839 tumet
1027 1794 1259 1850 Sabellus,

308 1874 413 1919 Nec
448 1890 722 1935 quenquam
758 1880 900 1935 putat
935 1891 1035 1920 esse
1070 1876 1410 1936 praedicatque

308 1955 448 1999 Inter
484 1955 746 1999 causidicos
783 1955 1058 1999 beatiorem.

309 2034 416 2079 Hos
451 2035 604 2080 fastus
638 2036 918 2095 animosque
953 2035 1036 2080 dat
1071 2034 1261 2080 Sabello
1563 2047 1586 2094 5

309 2114 473 2159 Farris
508 2115 747 2160 semodius
783 2114 1017 2175 fabaeque
1051 2115 1215 2169 fresae,

311 2195 376 2240 Et
410 2196 534 2240 turis
568 2195 843 2256 piperisque
877 2200 975 2240 tres
1010 2194 1224 2251 selibrae,

309 2274 375 2318 Et
410 2274 651 2320 Lucanica
687 2282 854 2319 ventre
890 2290 999 2319 cum
1036 2273 1235 2329 Falisco,

310 2353 377 2398 Et
410 2353 540 2414 nigri
576 2353 699 2414 Syra
733 2354 915 2398 defruti
950 2354 1134 2414 lagona,

310 2431 376 2476 Et
411 2432 529 2477 ficus
565 2432 748 2494 Libyca
781 2434 941 2494 gelata
975 2438 1100 2478 testa
1534 2445 1591 2475 10

313 2511 437 2556 Cum
471 2512 633 2558 bulbis
668 2513 968 2574 cochleisque
1003 2529 1244 2573 caseoque.

312 2590 488 2635 Piceno
524 2608 714 2653 quoque
747 2594 885 2639 venit
919 2609 948 2638 a
983 2593 1156 2638 cliente
