1732 2959
104 99 194 144 132
625 96 1016 143 MARTJALIS

171 206 250 249 An
286 203 585 249 Laurentino
619 208 786 264 turpes
820 204 873 248 in
908 203 1050 250 litore
1083 220 1224 250 ranas
1549 221 1571 267 5

233 285 296 330 Et
331 284 484 330 satius
519 290 690 330 tenues
726 284 897 330 ducere
933 285 1087 330 credis
1122 301 1243 342 acos,

162 365 243 410 Ad
280 380 367 410 sua
402 364 648 425 captivum
684 379 831 424 quam
866 380 982 408 saxa
1017 364 1265 410 remittere
1301 364 1517 422 mullum,

228 444 379 490 Visus
415 446 507 490 erit
542 443 679 488 libris
715 443 799 504 qui
834 443 991 489 minor
1025 460 1125 490 esse
1161 444 1346 490 tribus‘l

162 523 229 569 Et
262 523 452 570 fatuam
486 539 674 569 summa
710 539 879 569 cenare
914 524 1129 584 pelorida
1166 540 1329 569 mensa

227 602 462 663 Quodque
496 603 620 663 tegit
653 602 750 647 levi
785 602 958 649 cortice
993 604 1173 649 concha
1204 604 1375 662 brevis,
1520 620 1576 650 10

162 683 333 729 Ostrea
368 683 565 728 Baianis
601 699 746 743 quam
781 699 879 728 non
913 682 1118 729 liventia
1152 684 1302 740 testis,

227 762 362 818 Quae
396 762 590 807 domino
625 763 762 823 pueri
797 778 895 807 non
929 762 1215 823 prohibente
1250 763 1445 808 vorent‘.l

161 842 260 886 Hic
295 841 468 886 olidam
509 842 744 887 clamosus
780 857 890 901 ages
925 841 977 886 in
1012 843 1136 887 retia
1170 842 1361 903 volpem

226 921 567 980 Mordebitque
602 926 713 966 tuos
749 920 942 966 sordida
975 921 1151 982 praeda
1187 937 1354 967 canes:

159 1003 268 1048 Illic
304 1002 485 1063 piscoso
520 1001 661 1046 modo
696 1001 783 1046 vix
818 1001 992 1046 educta
1025 1000 1266 1062 profundo
1521 1015 1572 1061 15

227 1082 503 1142 Impedient
537 1080 723 1141 lepores
758 1080 960 1126 humida
994 1080 1096 1126 lina
1132 1097 1345 1127 meos.—

161 1162 294 1207 Dum
327 1161 509 1222 loquor,
549 1175 654 1205 ecce
689 1159 817 1205 redit
851 1164 1014 1220 sporta
1048 1159 1259 1220 piscator
1291 1159 1442 1218 inani,

226 1242 448 1287 Venator
482 1246 624 1302 capta
659 1241 813 1286 maele
849 1241 1085 1301 superbus
1119 1241 1270 1287 adest·

161 1326 328 1373 Omnis
363 1327 423 1370 ab
457 1326 643 1371 urbano
679 1325 817 1370 venit
852 1325 912 1369 ad
947 1339 1080 1369 mare
1115 1338 1232 1369 cena
1267 1321 1475 1367 macello.

227 1406 488 1451 Callaicum
524 1404 725 1449 mandas
760 1403 920 1464 siquid
954 1403 1016 1448 ad
1053 1402 1323 1448 Oceanum?
1515 1415 1574 1444 20

719 1679 940 1724 XLVII.

257 1857 429 1902 Vitam
464 1873 587 1918 quae
622 1855 805 1901 faciant
835 1854 1113 1912 beatiorem,

256 1936 612 1982 Iucundissime
648 1936 905 1992 Martialis,
942 1935 1058 1981 haec
1093 1940 1232 1980 sunt:

257 2018 356 2063 Res
391 2033 490 2063 non
524 2025 666 2078 parta
700 2017 876 2073 labore,
915 2014 998 2062 sed
1032 2014 1202 2060 relicta
1213 2030 1225 2072 3

256 2097 372 2143 Non
407 2097 627 2158 ingratus
662 2112 789 2158 ager,
825 2095 961 2141 focus
996 2094 1221 2156 perennis
1230 2110 1243 2152 5

257 2177 341 2222 Lis
374 2193 638 2238 nunquam,
677 2182 790 2237 toga
823 2192 945 2232 rara,
983 2189 1119 2220 mens
1154 2175 1318 2234 quieta
1328 2190 1342 2232 3
1547 2186 1571 2232 5

257 2259 404 2304 Vires
438 2258 688 2318 ingenuae,
729 2258 921 2303 salubre
957 2271 1129 2316 corpus
1138 2271 1152 2313 3

258 2339 479 2386 Prudens
514 2338 806 2400 simplicitas,
849 2353 986 2399 pares
1020 2336 1186 2394 amici3

258 2419 521 2465 Convictus
555 2417 724 2474 facilis,
762 2418 865 2464 sine
900 2422 1005 2463 arte
1040 2433 1205 2462 mensa
1216 2434 1227 2474 3

256 2500 373 2546 Nox
408 2516 506 2546 non
541 2500 685 2555 ebria,
724 2499 806 2545 sed
841 2499 1000 2544 soluta
1034 2498 1185 2555 curis;

258 2579 374 2625 Non
408 2580 562 2625 tristis
598 2585 745 2636 torus,
784 2584 834 2624 et
868 2584 1032 2624 tamen
1067 2576 1270 2638 pudicus
1280 2592 1293 2634 3
1517 2590 1573 2619 10
