1732 2959
729 115 861 162 LIB.
911 117 976 164 Χ.
1505 124 1594 169 135

119 221 185 266 Et
218 237 317 266 non
351 221 496 266 unius
531 225 772 281 spectator
805 221 1012 268 lectulus
1048 224 1219 282 undae,

183 301 277 356 Qui
313 300 448 346 videt
480 300 592 345 hinc
628 316 809 361 puppes
846 301 1070 359 fluminis,
1108 303 1221 350 inde
1256 305 1431 351 maris!
1541 324 1597 354 10

117 379 211 425 Sed
244 395 331 425 nec
368 379 589 425 Marcelli
626 379 1080 441 Pompeianumque,
1117 397 1204 428 nec
1235 382 1337 429 illic

185 459 310 505 Sunt
343 459 555 520 triplices
593 458 819 517 thermae,
860 476 944 506 nec
979 460 1084 506 fora
1118 461 1286 508 iuncta
1319 469 1503 524 quater,

117 539 222 585 Nec
257 538 518 600 Capitolini
554 554 797 583 summum
832 540 1076 600 penetrale
1111 541 1356 599 Tonantis,

185 617 412 679 Quaeque
445 617 607 662 nitent
642 616 770 661 caelo
804 618 1024 678 proxima
1058 619 1241 681 templa
1272 637 1373 668 suo.

117 697 290 744 Dicere
323 702 372 743 te
406 697 582 742 lassum
618 698 842 758 quotiens
877 713 961 759 ego
997 699 1137 745 credo
1172 699 1399 756 Quirino:
1540 716 1595 764 15

186 776 355 832 “Quae
389 782 476 821 tua
510 782 637 832 sunt,
662 776 755 821 tibi
779 777 922 823 habe:
959 794 1081 838 quae
1106 795 1224 838 mea,
1251 780 1395 826 redde
1432 781 1595 829 mihi.”

756 994 952 1041 LVIII.

184 1117 404 1161 Anxuris
438 1116 661 1177 aequorei
696 1116 918 1177 placidos,
959 1116 1206 1177 Frontine,
1246 1135 1455 1166 recessus

251 1194 317 1239 Et
349 1195 545 1256 propius
581 1194 723 1239 Baias
758 1194 1073 1257 litoreamque
1109 1196 1318 1255 domum,

184 1273 249 1318 Et
282 1274 408 1334 quod
444 1274 736 1319 inhumanae
772 1289 939 1320 cancro
975 1275 1192 1321 fervente
1227 1276 1416 1322 cicadae

249 1353 363 1399 Non
398 1369 574 1399 novere
607 1369 790 1412 nemus,
828 1354 1174 1417 flumineosque
1208 1355 1340 1402 lacus

185 1434 320 1478 Dum
354 1434 492 1492 colui,
531 1433 694 1479 doctas
729 1438 888 1479 tecum
924 1436 1162 1481 celebrare
1197 1437 1400 1482 vacabat
1572 1450 1595 1497 5

251 1514 477 1571 Pieridas,
515 1530 643 1559 nunc
677 1530 763 1559 nos
800 1515 1011 1560 maxima
1046 1515 1204 1560 Roma
1238 1516 1366 1562 terit.

183 1595 282 1640 Hic
316 1594 438 1639 mihi
472 1593 662 1655 quando
697 1593 797 1638 dies
834 1610 966 1639 meus
1001 1595 1101 1640 est‘l
1139 1595 1374 1640 iactamur
1408 1596 1460 1641 in
1493 1595 1593 1642 alto

251 1674 404 1720 Urbis
440 1680 489 1718 et
522 1674 576 1718 in
610 1674 764 1718 sterili
800 1675 903 1719 vita
937 1674 1098 1720 labore
1132 1675 1273 1735 perit,

182 1753 320 1798 Dura
353 1752 617 1798 suburbani
652 1753 766 1798 dum
803 1755 968 1814 iugera
1004 1754 1240 1815 pascimus
1275 1755 1377 1816 agri

250 1833 547 1894 Vicinosque
584 1832 687 1889 tibi,
728 1839 890 1879 sancte
927 1833 1141 1892 Quirine,
1179 1834 1315 1881 lares.
1539 1853 1597 1883 10

185 1913 276 1959 Sed
311 1929 409 1959 non
443 1913 572 1959 solus
606 1919 737 1958 amat
771 1914 855 1975 qui
892 1919 1028 1960 nocte
1064 1915 1236 1976 dieque
1270 1916 1549 1978 frequentat

254 1992 455 2050 Limina,
494 2009 581 2038 nec
614 1998 773 2038 vatem
810 1994 928 2039 talia
963 1994 1139 2041 damna
1173 1995 1354 2043 decent.

185 2073 279 2119 Per
313 2073 585 2119 veneranda
620 2073 740 2119 mihi
776 2074 1030 2120 Musarum
1066 2091 1209 2131 sacra,
1244 2091 1330 2137 per
1363 2092 1528 2123 omnes

251 2154 366 2200 Iuro
401 2154 524 2211 deos,
564 2159 613 2200 et
647 2170 744 2199 non
780 2155 1014 2201 officiosus
1049 2171 1170 2203 amo,

775 2374 940 2420 LXII.

249 2492 377 2537 Ludi
410 2494 649 2555 magister,
688 2511 828 2555 parce
863 2495 1068 2556 simplici
1105 2495 1289 2541 turbae.

251 2571 330 2618 Sic
366 2578 411 2618 te
444 2574 717 2635 frequentes
751 2575 952 2620 audiant
986 2574 1200 2636 capillati
