1732 2959
664 117 792 163 LIB.
843 116 918 162 II.
1467 111 1522 156 31

230 206 242 223 L
268 206 304 223 ,Α
1268 186 1285 205 Vs

58 232 164 278 Hoc
199 225 386 276 facinus
421 226 612 289 Lalage,
651 223 856 285 speculo
877 220 1007 283 quod
1041 219 1245 275 viderat,
1280 216 1384 262 ulta
1419 221 1492 261 est

118 311 185 361 Et,
219 308 390 374 cecidit
424 305 578 352 saevis
605 276 945 349 wlecusa
979 300 1136 345 comis.

54 390 234 436 Desine
267 389 379 443 iam,
419 386 611 445 Lalage,
648 357 814 447 tristes
847 395 1015 426 ornare
1051 377 1259 439 capillos,
1503 388 1526 435 5

118 470 304 529 Tangat
338 472 387 513 et
420 466 643 530 insanum
677 462 813 529 nulia
847 450 1007 522 ppella
1041 465 1197 520 caput.

54 551 164 596 Hoc
199 546 500 611 salamandra
533 548 670 605 notet
704 531 781 587 vel
816 556 957 586 saeva
991 532 1226 585 nouacula
1260 536 1424 593 nudet,

120 631 198 677 Ut
232 629 377 689 digna
411 611 602 698 speculo
638 624 725 679 fiat
758 622 916 682 imago
952 627 1049 667 tuo.

665 781 916 828 LXVIII.
958 797 985 816 ι·
1019 795 1022 796 ’

189 884 329 941 Quod
362 889 412 928 te
446 880 640 926 nomine
674 879 769 923 iam
805 868 890 922 tuo
925 876 1094 931 saluto,

189 965 343 1020 Quem
379 976 540 1021 regem
576 964 624 1004 et
658 957 907 1003 dominum
941 954 1076 1014 prius
1111 951 1351 1006 vocabam,

188 1046 267 1091 Ne
300 1059 377 1089 me
412 1041 592 1088 dixeris
628 1054 727 1084 esse
763 1041 1119 1082 contumacem:

188 1122 324 1169 Totis
357 1120 486 1182 pilea
521 1110 720 1164 Sarcinis
756 1113 947 1160 redemi.
1384 1166 1387 1167 ⁷

193 1203 346 1262 Reges
381 1205 431 1245 et
466 1199 684 1244 dominos
720 1195 894 1240 habere
930 1192 1072 1237 debet
1505 1199 1530 1247 5

191 1281 288 1337 Qui
321 1295 370 1326 se
404 1294 502 1323 non
536 1276 695 1331 habet,
734 1280 879 1334 atque
914 1269 1206 1331 concupiscit

189 1359 330 1415 Quod
365 1373 497 1418 reges
533 1348 811 1414 dominique
846 1350 1202 1411 concupiscunt.

191 1440 397 1485 Servum
432 1437 474 1482 si
506 1441 656 1497 potes,
699 1433 799 1489 ola,
837 1447 936 1476 non
970 1430 1158 1484 habere,

191 1520 257 1565 Et
291 1533 449 1580 regem
485 1520 634 1577 potes,
673 1513 775 1569 Ole,
814 1527 912 1556 non
945 1510 1131 1554 habere.

670 1671 917 1718 LXXIV.
954 1682 994 1714 ι»

153 1836 158 1841 ,
194 1783 422 1829 Cinctum
457 1777 636 1838 togatis
670 1780 778 1836 post
813 1779 862 1819 et
897 1777 1009 1817 ante
1045 1769 1295 1816 Saufeium

194 1864 390 1918 Quanta
422 1857 586 1903 reduci
621 1853 838 1914 Regulus
873 1852 992 1897 solet
1026 1849 1184 1906 turba,

194 1939 274 1984 Ad
313 1938 412 1983 alta
445 1940 640 1980 tonsum
673 1930 854 1990 templa
888 1944 996 1974 cum
1031 1942 1166 1971 reum
1202 1924 1347 1980 misit,

195 2017 433 2069 Materne,
469 2012 653 2058 cernis2
687 2009 905 2055 invidere
939 2006 1105 2066 nolito.

195 2090 465 2143 Comitatus
498 2094 590 2138 iste
625 2090 689 2136 sit
722 2105 890 2151 precor
922 2092 1038 2133 tuus
1073 2101 1334 2146 nunquam.
1508 2096 1533 2145 5

195 2176 303 2221 Hos
335 2174 410 2220 illi
443 2171 619 2218 amicos
654 2174 703 2215 et
737 2183 901 2229 greges
935 2171 1209 2227 togatorum

196 2253 505 2301 Fuficulenus
540 2254 752 2312 praestat
786 2253 835 2293 et
871 2246 1184 2293 Faventinus.

694 2409 907 2455 LXXV.
938 2420 991 2458 ts

129 2516 348 2562 Verbera
381 2513 536 2560 securi
570 2512 740 2558 solitus
774 2511 849 2556 leo
882 2510 1006 2555 ferre
1040 2506 1258 2568 magistri

132 2595 466 2653 Insertamque
500 2591 605 2653 pati
637 2589 843 2635 blandus
876 2588 928 2632 in
963 2603 1045 2632 ora
1078 2600 1275 2631 manum
