1732 2959
108 90 201 136 154
657 90 1048 140 MARTIALIS

765 243 913 290 XIV.

104 349 302 395 Parcius
336 350 501 407 utaris,
542 366 726 407 moneo,
764 351 984 411 rapiente
1019 351 1207 409 veredo,

170 428 346 485 Prisce,
387 444 473 474 nec
507 429 560 473 in
595 429 780 490 lepores
815 436 915 475 tam
950 430 1194 476 violentus
1228 446 1319 478 eas.

104 508 255 570 Saepe
290 509 523 555 satisfecit
555 509 762 570 praedae
798 516 1014 568 venator,
1053 516 1104 556 et
1138 511 1236 556 acri

169 587 364 634 Decidit
400 603 644 644 excussus,
682 605 770 634 nec
806 589 1064 648 rediturus,
1103 605 1237 651 equo.

102 668 312 714 Insidias
348 673 396 713 et
431 683 627 729 campus
661 668 836 714 habet:
886 684 973 714 nec
1007 670 1146 725 fossa,
1184 686 1270 715 nec
1306 685 1463 731 agger,
1562 685 1586 732 5

168 748 218 793 N
221 764 272 794 ec
307 749 406 793 sint
440 764 556 793 saxa
589 748 716 805 licet,
755 748 922 795 fallere
957 750 1102 811 plana
1137 750 1306 796 solent.

102 828 216 874 Non
253 828 407 874 deerit
442 829 525 889 qui
559 834 699 874 tanta
733 829 825 874 tibi
860 829 1128 890 spectacula
1163 835 1388 891 praestet,

168 908 366 954 Invidia
401 908 492 955 fati
527 910 610 954 sed
643 909 822 955 leviore
858 909 1008 956 cadat.

104 991 155 1036 Si
188 995 238 1035 te
273 989 515 1035 delectant
549 990 766 1035 animosa
801 990 1027 1051 pericula,
1066 989 1234 1036 Tuscis

165 1069 404 1115 —Tutior
438 1075 511 1115 est
545 1069 1058 1115 virtus—insidiemur
1093 1070 1236 1131 apris.
1533 1087 1590 1117 10

103 1151 232 1206 Quid
267 1155 315 1197 te
350 1150 490 1196 frena
523 1151 697 1196 iuvant
730 1151 1020 1197 temeraria'l
1065 1151 1254 1212 saepius
1288 1149 1401 1207 illis,

170 1229 346 1288 Prisce,
375 1230 543 1274 datum
580 1235 653 1274 est
688 1228 900 1290 equitem
929 1245 1166 1289 rumpere,
1197 1245 1342 1290 quam
1364 1229 1586 1291 leporem.

793 1379 908 1425 XV.

170 1491 421 1553 Quidquid
457 1491 716 1537 Parrhasia
750 1492 940 1538 nitebat
973 1493 1098 1551 aula,

171 1571 421 1616 Donatum
458 1575 530 1618 est
565 1571 716 1617 oculis
751 1571 948 1633 deisque
983 1572 1174 1618 nostris.

172 1650 387 1696 Miratur
423 1651 671 1711 Scythicas
705 1651 911 1697 virentis
946 1651 1055 1697 auri

172 1732 414 1777 Flammas
450 1731 688 1793 Iuppiter,
726 1736 776 1777 et
811 1737 975 1793 stupet
1011 1732 1205 1793 superbi

173 1811 321 1873 Regis
356 1812 550 1858 delicias
584 1827 849 1874 gravesque
884 1811 1042 1857 luxus.
1566 1824 1589 1871 5

173 1890 311 1936 Haec
345 1895 460 1936 sunt
494 1891 677 1952 pocula,
716 1907 838 1952 quae
874 1891 1045 1936 decent
1086 1891 1389 1946 Tonantem3

173 1971 310 2016 Haec
344 1976 471 2028 sunt,
508 1987 631 2032 quae
668 1971 935 2032 Phrygium
971 1970 1143 2016 decent
1177 1969 1468 2015 ministrum.

174 2049 354 2096 Omnes
389 2065 497 2095 cum
534 2050 652 2095 Iove
686 2066 816 2096 nunc
852 2066 1019 2096 sumus
1054 2050 1196 2096 beati.

174 2132 247 2175 At
281 2130 665 2191 nuper—pudet,
703 2129 765 2175 ah
801 2130 951 2191 pudet
985 2129 1199 2176 fateri—

175 2208 353 2255 Omnes
387 2224 496 2254 cum
534 2209 651 2255 Iove
686 2225 919 2270 pauperes
955 2225 1156 2255 eramus.
1538 2224 1593 2254 10

752 2377 960 2425 XVIII.

311 2488 442 2533 Dum
479 2493 536 2533 tu
572 2486 777 2533 forsitan
812 2487 1061 2547 inquietus
1097 2501 1227 2532 erras

309 2566 542 2626 Clamosa,
582 2566 844 2620 Iuvenalis,
880 2568 931 2610 in
968 2566 1170 2624 Subura,
