1732 2959
107 151 166 196 56
613 147 1002 195 MARTL-{LIS

176 260 301 320 Ergo
336 257 458 303 sacri
493 257 653 302 fontes
688 261 737 301 et
773 255 916 300 litora
950 258 1089 315 grata
1123 252 1294 308 valete,

235 337 581 398 Nympharum
615 336 798 397 pariter
833 334 1197 394 Nereidumque
1233 333 1417 378 domus.

173 416 440 462 Herculeos
476 414 618 460 colles
653 413 810 474 gelida
844 429 930 458 vos
964 412 1146 457 vincite
1182 411 1368 463 bruma,

241 495 388 541 Nunc
422 494 693 541 Tiburtinis
727 493 881 539 cedite
916 492 1187 554 frigoribus.

787 654 926 700 LIX.
970 660 974 662 ’

184 752 438 798 Flentibus
475 750 741 795 Heliadum
778 749 923 794 ramis
960 748 1075 793 dum
1111 747 1278 808 vipera
1313 747 1453 808 repit,

237 831 408 877 Fluxit
442 830 496 875 in
531 831 804 876 obstantem
843 829 1009 874 sucina
1045 834 1186 889 gutta
1219 827 1383 872 feram.

175 912 310 968 Quae
346 911 463 956 dum
498 911 705 955 miratur
740 909 911 970 pingui
947 924 996 953 se
1032 923 1139 953 rore
1174 907 1344 963 teneri,

243 992 478 1037 Concreto
514 991 664 1050 riguit
699 989 865 1033 vincta
899 992 1096 1048 repente
1131 986 1254 1048 gelu.

176 1072 254 1117 Ne
296 1070 388 1116 tibi
427 1070 578 1130 regali
616 1069 815 1130 placeaS,
860 1068 1129 1128 Cleopatra,
1171 1066 1405 1127 sepulcro,

238 1149 423 1211 Vipera
461 1150 502 1195 si
538 1149 730 1194 tumulo
771 1147 1006 1193 nobiliore
1044 1147 1179 1192 iacet.

799 1310 907 1356 LX.

243 1426 410 1472 Ardea
444 1426 650 1471 solstitio
688 1426 1017 1486 Castranaque
1053 1440 1166 1469 rura
1200 1428 1430 1484 petantur

312 1507 504 1567 Quique
542 1507 777 1552 Cleonaeo
813 1506 966 1551 sidere
1002 1505 1156 1551 fervet
1191 1520 1316 1566 ager,

249 1589 371 1635 Cum
407 1588 690 1634 Tiburtinas
725 1588 922 1633 damnet
959 1586 1207 1633 Curiatius
1241 1602 1382 1632 auras

309 1671 450 1716 Inter
483 1671 704 1715 laudatas
738 1670 799 1715 ad
836 1670 986 1730 Styga
1020 1669 1194 1714 missus
1229 1683 1391 1728 aquas.

245 1751 400 1796 Nullo
434 1751 534 1796 fata
568 1751 671 1797 loco
706 1750 858 1811 possis
894 1749 1175 1795 excludere:
1225 1765 1334 1794 cum
1369 1763 1495 1792 mors

314 1831 534 1888 Venerit,
574 1831 626 1875 in
662 1831 820 1876 medio
855 1830 1033 1875 Tibure
1069 1828 1292 1875 Sardinia
1328 1832 1410 1874 est.

789 1981 926 2026 LXI.

249 2088 464 2134 Donasse
499 2089 707 2134 amicum
742 2088 832 2133 tibi
868 2087 1088 2142 ducenta,
1128 2084 1370 2139 Mancine,

249 2166 421 2227 Nuper
456 2168 660 2228 superbo
695 2168 851 2212 laetus
887 2182 966 2211 ore
1001 2165 1205 2210 iactasti.

251 2244 466 2300 Quartus
502 2247 603 2292 dies
637 2252 722 2304 est,
761 2246 814 2291 in
849 2245 1009 2291 schola
1044 2249 1297 2305 poetarum

249 2327 381 2374 Dum
415 2329 698 2386 fabulamur,
737 2329 932 2375 milibus
967 2328 1127 2373 decem
1162 2326 1289 2371 dixti

249 2410 453 2470 Emptas
487 2410 702 2455 lacernas
738 2425 915 2455 munus
950 2424 1051 2454 esse
1086 2405 1383 2466 Pompullae,

260 2490 566 2551 Sardonycha
600 2506 767 2536 verum
804 2489 1173 2550 lychnidemque
1209 2485 1390 2531 ceriten

250 2575 481 2633 Duasque
516 2570 695 2615 similes
730 2570 955 2614 fluctibus
991 2566 1137 2612 maris
1173 2579 1385 2626 gemmas

253 2653 455 2700 Dedisse
492 2650 692 2695 Bassam
729 2648 1035 2708 Caeliamque
1072 2646 1256 2691 iurasti.

1532 507 1586 536 10

1563 1079 1586 1125 5

1566 1762 1589 1807 5
