1732 2959
705 100 834 146 LIB.
885 98 1013 144 XII.

318 211 427 255 Aut
461 208 629 254 collem
666 207 886 252 dominae
921 205 1038 250 teris
1074 204 1296 261 Dianae3

317 289 448 334 Dum
485 303 569 349 per
604 286 774 331 limina
807 290 856 330 te
891 283 1218 345 potentiorum

319 368 550 414 Sudatrix
582 370 694 424 toga
728 364 934 409 ventilat
969 377 1239 423 vagumque

319 448 479 494 Maior
515 446 705 492 Caelius
741 451 790 489 et
824 444 983 488 minor
1017 443 1261 503 fatigant:

318 527 402 572 Me
438 526 617 571 multos
651 523 859 583 repetita
893 527 1001 583 post
1036 521 1325 566 Decembres

318 605 527 666 Accepit
562 620 667 648 mea
701 602 1031 662 rusticumque
1066 601 1180 646 fecit

317 688 456 730 Auro
492 682 685 728 Bilbilis
720 688 769 727 et
803 680 1008 740 superba
1042 681 1177 726 ferro.

316 764 413 810 Hic
447 763 573 824 pigri
607 763 808 808 colimus
843 761 1004 805 labore
1039 760 1169 806 dulci

320 843 586 889 Boterdum
622 842 968 903 Plateamque3
1017 839 1270 886 Celtiberis

318 923 454 968 Haec
490 928 604 968 sunt
637 922 835 967 nomina
870 922 1101 967 crassiora
1135 920 1291 965 terris.

320 1002 519 1063 Ingenti
553 1002 686 1046 fruor
720 1001 1032 1061 improboque
1067 1013 1247 1054 somno,

322 1079 478 1136 Quem
512 1095 599 1125 nec
633 1081 780 1131 tertia
815 1093 954 1139 saepe
989 1077 1174 1138 rumpit
1206 1076 1338 1134 hora,

322 1161 388 1205 Et
422 1165 582 1205 totum
618 1159 739 1204 mihi
773 1174 903 1203 nunc
938 1172 1129 1218 repono,
1167 1155 1402 1217 quidquid

319 1241 410 1286 Ter
443 1240 590 1285 denos
624 1239 937 1299 vigilaveram
973 1252 1058 1298 per
1091 1250 1254 1281 annos.

319 1320 496 1381 Ignota
532 1327 603 1364 est
638 1325 764 1380 toga,
801 1318 883 1364 sed
919 1318 1065 1363 datur
1097 1316 1284 1378 petenti

319 1400 486 1460 Rupta
519 1400 739 1460 proxima
773 1399 922 1443 vestis
956 1414 985 1442 a
1019 1396 1258 1443 cathedra.

323 1481 608 1540 Surgentem
644 1479 778 1524 focus
813 1479 994 1538 excipit
1029 1478 1235 1538 superba

319 1560 488 1606 Vicini
521 1565 652 1605 strue
688 1558 847 1604 cultus
881 1558 1046 1613 iliceti,

320 1640 482 1685 Multa
515 1640 659 1684 vilica
694 1655 837 1700 quem
874 1645 1070 1683 coronat
1106 1637 1212 1682 olla.

321 1719 583 1780 Dispensat
617 1718 778 1779 pueris
814 1723 1044 1778 rogatque
1078 1716 1250 1777 longos

321 1799 464 1845 Levis
498 1814 673 1860 ponere
707 1798 880 1843 vilicus
914 1797 1126 1858 capillos·

323 1879 399 1925 Sic
434 1895 510 1925 me
544 1880 722 1936 vivere,
763 1881 828 1924 sic
862 1879 1001 1924 iuvat
1036 1879 1202 1939 perire.

765 2076 971 2124 XXIV.

324 2205 363 2251 O
399 2205 620 2264 iucunda,
659 2204 874 2263 covinne,
915 2203 1138 2260 solitud0‚

324 2283 533 2330 Carruca
566 2283 717 2344 magis
752 2284 1006 2344 essedoque
1039 2288 1232 2343 gratum

323 2363 539 2409 Facundi
573 2363 695 2408 mihi
727 2378 905 2408 munus
941 2361 1168 2407 Aeliani!

325 2441 422 2488 Hic
455 2458 643 2488 mecum
678 2442 802 2500 licet,
841 2442 932 2499 hic,
971 2441 1159 2497 Iuvate,
1201 2437 1437 2500 quidquid

326 2522 388 2567 ln
420 2523 616 2568 buccam
653 2523 745 2568 tibi
779 2522 980 2579 venerit,
1018 2522 1239 2583 loquaris.

1504 96 1594 141 155

1543 774 1599 804 10

1543 1168 1597 1216 15

1540 1570 1600 1601 20
