1732 2959
138 156 198 201 84
689 155 1077 204 MARTJALIS

135 261 276 307 Felix
311 266 437 307 sorte
472 263 586 307 tua!
659 262 861 308 Poteras
895 278 995 309 non
1029 263 1196 309 cedere
1231 263 1366 322 Iano,
1589 279 1614 328 5

202 340 392 386 Gaudia
427 341 467 386 si
502 341 654 398 nobis,
693 358 815 403 quae
850 341 988 388 dabit
1020 342 1117 399 ille,
1155 343 1304 389 dares,

135 421 282 466 Festa
316 427 574 467 coronatus
609 421 746 468 ludet
781 421 994 467 convitia
1027 422 1179 480 miles,

204 502 341 546 Inter
375 501 639 562 laurigeros
674 517 783 546 cum
819 517 976 547 comes
1010 502 1104 548 ibit
1137 519 1294 565 equos.

135 581 228 627 Fas
262 581 428 627 audire
466 582 592 626 iocos
628 580 903 642 levioraque
939 582 1165 639 carmina,
1205 583 1390 642 Caesar,

202 661 267 706 Et
302 661 406 718 tibi,
445 661 485 705 si
520 661 655 707 lusus
690 661 791 722 ipse
826 662 1104 723 triumphus
1139 669 1282 710 amat.
1562 681 1619 710 10

812 864 938 912 XII.

134 999 212 1045 Sic
247 1014 323 1044 me
359 998 520 1045 fronte
555 999 685 1060 legat
719 999 956 1058 dominus,
995 1000 1242 1059 Faustine,
1280 1017 1448 1047 serena

199 1079 524 1141 Excipiatque
561 1096 704 1139 meos,
744 1096 839 1141 qua
874 1080 995 1126 solet
1030 1097 1158 1139 aure,
1196 1081 1337 1138 iocos,

136 1160 211 1208 Ut
245 1176 352 1206 mea
387 1176 474 1205 nec
508 1160 636 1206 iuste
673 1176 791 1222 quos
827 1160 942 1217 odit,
981 1160 1158 1222 pagina
1198 1160 1352 1218 laesit,

200 1242 266 1287 Et
300 1242 421 1287 mihi
457 1242 515 1287 de
550 1242 686 1288 nullo
721 1242 849 1287 fama
883 1242 1057 1287 rubore
1092 1242 1259 1304 placet.

134 1322 263 1378 Quid
299 1322 508 1384 prodest,
547 1322 746 1383 cupiant
782 1338 890 1367 cum
928 1323 1123 1383 quidam
1158 1330 1325 1368 nostra
1358 1323 1525 1380 videri,
1589 1337 1613 1384 5

199 1403 251 1449 Si
286 1418 382 1463 qua
417 1402 686 1463 Lycambeo
722 1403 957 1463 sanguine
992 1401 1090 1447 tela
1125 1402 1357 1449 madent?

133 1484 496 1544 Vipereumque
532 1487 733 1528 vomant
767 1488 932 1527 nostro
968 1483 1058 1528 sub
1092 1482 1286 1528 nomine
1322 1483 1467 1539 virus,

199 1563 295 1620 Qui
332 1563 517 1609 Phoebi
552 1563 710 1608 radios
744 1562 869 1607 ferre
904 1562 1138 1623 diemque>
1160 1565 1376 1623 negant?

135 1643 370 1688 Ludimus
404 1642 630 1689 innocui:
668 1642 758 1687 scis
793 1642 881 1687 hoc
915 1642 1064 1690 bene:
1100 1643 1209 1687 iuro
1243 1643 1454 1703 potentis

198 1722 293 1768 Per
327 1722 523 1783 genium
559 1722 735 1767 Famae
774 1720 1136 1783 Castaliumque
1170 1737 1361 1782 gregem
1558 1740 1615 1769 10

132 1803 322 1863 Perque
356 1808 465 1847 tuas
500 1817 653 1859 aures,
691 1801 854 1861 magni
891 1799 1012 1845 mihi
1047 1801 1263 1845 numinis
1297 1801 1465 1860 instar,

198 1882 384 1939 Lector,
422 1882 691 1927 inhumana
726 1881 848 1926 liber
882 1881 941 1925 ab
977 1880 1174 1927 invidia.

784 2096 963 2141 XVII.

328 2231 478 2277 Ruris
514 2232 808 2278 bibliotheca
843 2233 1049 2290 delicati,

327 2309 557 2356 Vicinam
593 2311 728 2356 videt
763 2311 891 2356 unde
928 2311 1076 2357 lector
1110 2311 1293 2369 urbem,

327 2389 467 2435 Inter
502 2391 714 2436 carmina
756 2391 996 2437 sanctiora
1030 2391 1072 2436 si
1107 2391 1215 2452 quis

327 2472 555 2519 Lascivae
590 2473 739 2518 fuerit
772 2474 903 2519 locus
939 2474 1147 2529 Thaliae,

328 2551 435 2597 Hos
470 2552 583 2597 nido
619 2552 732 2597 licet
766 2553 949 2599 inseras
986 2553 1060 2598 vel
1096 2553 1207 2611 imo,

1580 2566 1604 2614 Ul

326 2631 519 2692 Septem
556 2648 676 2693 quos
712 2633 803 2678 tibi
838 2633 1056 2679 misimus
1091 2633 1277 2679 libellos
