1732 2959
752 108 881 156 LIB.
931 108 974 153 I.

762 396 962 442 XXVI.

190 532 467 588 Sextiliane,
505 530 630 576 bibis
665 535 903 591 quantum
939 529 1165 576 subsellia
1199 529 1412 590 quinque

256 611 423 658 Solus:
468 626 595 671 aqua
628 610 806 683 totiens
840 609 998 655 ebrius
1033 625 1134 655 esse
1168 614 1303 670 potes
1321 625 1334 666 3

190 689 293 735 Nec
328 704 651 735 consessorum
688 688 847 734 vicina
880 687 1171 734 nomismata
1205 692 1410 745 tantum,

255 771 387 815 Aera
421 769 502 815 sed
535 785 565 815 a
599 768 764 815 cuneis
798 768 1028 815 ulteriora
1062 767 1198 814 bibis.
1277 824 1295 832 J

189 850 304 896 Non
338 849 454 896 haec
488 848 703 910 Pelignis
738 849 899 910 agitur
932 847 1178 894 vindemia
1212 832 1388 908 nfafflis

256 931 372 979 Uva
405 947 492 978 nec
526 932 578 977 in
614 931 780 977 Tuscis
815 931 1028 977 nascitur
1063 932 1157 976 ista
1190 930 1330 992 iugis,

191 1012 333 1057 Testa
367 1012 446 1057 sed
483 1011 672 1072 antiqui
707 1011 827 1057 felix
860 1011 1066 1057 siccatur
1102 1009 1278 1072 Opimi,

257 1092 424 1153 Egerit
459 1099 507 1137 et
541 1092 704 1153 nigros
741 1092 950 1138 Massica
983 1092 1103 1139 cella
1137 1091 1289 1139 cados.

192 1174 240 1217 A
276 1188 454 1234 copone
487 1173 580 1218 tibi
614 1173 727 1218 faex
762 1173 996 1219 Laletana
1029 1178 1235 1234 petatur,

259 1251 309 1298 si
343 1252 452 1314 plus
486 1268 627 1315 quam
666 1253 871 1312 deciens,
910 1253 1190 1312 Sextiliane,
1228 1254 1367 1300 bibis.

733 1508 991 1554 XXXIX.

192 1645 244 1691 'si
279 1645 386 1706 quis
421 1645 513 1691 erit
547 1661 679 1691 raros
713 1646 842 1691 inter
875 1646 1202 1692 numerandus
1236 1646 1424 1703 amicos,

259 1724 434 1780 Quales
468 1724 623 1786 prisca
656 1725 773 1770 fides
807 1725 1029 1787 famaque
1062 1725 1201 1771 novit
1235 1741 1369 1783 anus,

194 1803 245 1848 Si
279 1804 388 1864 quis
423 1802 678 1864 Cecropiae
711 1803 934 1849 madidus
969 1803 1233 1865 Latiaeque
1269 1804 1522 1851 Minervae

257 1882 463 1928 Artibus
499 1887 548 1928 et
581 1898 697 1928 vera
730 1883 1037 1944 simplicitate
1071 1883 1240 1942 bonus,

194 1962 245 2008 Si
280 1962 388 2023 quis
424 1962 516 2007 erit
550 1962 670 2007 recti
704 1967 875 2019 custos,
913 1962 1114 2008 mirator
1148 1962 1340 2008 honesti

259 2043 326 2088 Et
359 2042 484 2087 nihil
518 2058 690 2088 arcano
725 2042 810 2104 qui
843 2048 978 2103 roget
1012 2057 1093 2087 ore
1127 2042 1253 2097 deos,

194 2122 248 2168 si
282 2121 388 2182 quis
423 2121 516 2167 erit
549 2137 750 2183 magnae
786 2121 1024 2167 subnixus
1058 2121 1227 2167 robore
1261 2123 1464 2169 mentis:

261 2201 558 2262 Dispeream,
596 2202 637 2246 si
671 2217 768 2247 non
803 2200 881 2247 hic
919 2201 1162 2247 Decianus
1197 2202 1300 2250 erit.

809 2382 919 2428 XL.

194 2507 291 2563 Qui
324 2506 458 2552 ducis
491 2505 654 2552 voltus
687 2510 737 2551 et
770 2521 868 2551 non
902 2505 1020 2566 legis
1054 2506 1149 2552 ista
1182 2505 1404 2563 libenter,

260 2586 495 2633 Omnibus
529 2585 760 2640 invideas,
795 2584 957 2643 livide,
994 2601 1135 2631 nemo
1169 2584 1274 2630 tibi.

1542 109 1594 154 11

1546 1271 1601 1300 10
