1732 2959
154 117 244 162 112
698 119 1088 166 MARTIALIS

154 223 355 270 Curetes
388 229 552 270 texere
587 225 754 270 Iovem
790 226 1140 287 crepitantibus
1174 227 1334 284 armis,

220 302 446 349 Semiviri
480 309 706 365 poterant
740 305 903 365 qualia
936 306 1060 351 ferre
1096 305 1343 368 Phryges:

152 381 228 426 At
260 386 310 426 te
345 382 559 442 protexit
594 382 821 443 supersim
855 389 995 445 pater
1029 390 1079 431 et
1111 385 1216 441 tibi,
1256 385 1441 442 Caesar,

218 460 315 506 Pro
349 461 505 507 iaculo
539 466 589 508 et
621 477 790 524 parma
823 463 1009 510 fulmen
1043 471 1093 510 et
1127 465 1256 526 aegis
1290 470 1406 511 erat.
1574 481 1632 514 10

781 640 993 688 XXIII.

219 774 260 820 O
297 775 373 820 cui
414 774 626 835 virgineo
660 775 914 821 flavescere
948 776 1153 837 contigit
1187 793 1318 833 auro,

283 854 376 900 Dic
411 855 497 900 ubi
532 854 808 901 Palladium
844 856 909 901 sit
941 855 1047 913 tibi,
1086 856 1220 914 Care,
1258 857 1433 903 decus?

216 940 244 961 ‘⁴
260 935 459 998 Aspicis
492 951 555 982 en
590 935 777 982 domini
809 935 1053 998 fulgentes
1087 953 1322 984 marmore
1357 937 1549 986 voltus?

280 1015 438 1063 Venit
472 1017 533 1062 ad
568 1016 655 1063 has
689 1018 820 1063 ultro
854 1022 1020 1063 nostra
1055 1033 1230 1064 corona
1263 1020 1469 1065 comas.'’

213 1097 437 1144 Albanae
471 1098 622 1144 livere
656 1103 818 1160 potest
852 1098 932 1160 pia
966 1114 1170 1160 quereus
1205 1099 1374 1157 olivae,
1601 1114 1625 1161 5

282 1177 505 1226 Cinxerit
545 1179 785 1225 invictum
821 1178 951 1241 quod
986 1180 1117 1241 prior
1151 1179 1236 1225 illa
1271 1186 1426 1242 caput.

783 1352 986 1400 XXVI.

146 1471 319 1517 Audet
351 1471 562 1518 facundo
597 1472 682 1534 qui
716 1473 929 1518 carmina
963 1472 1158 1518 mittere
1194 1471 1402 1530 Nervae,

215 1550 406 1598 Pallida
439 1553 642 1600 donabit
675 1553 913 1615 glaucina,
951 1552 1133 1612 Cosme‘,
1175 1552 1296 1612 tibi3

146 1631 388 1679 Paestano
420 1633 573 1679 violas
607 1637 658 1679 et
692 1648 812 1678 cana
845 1632 1050 1696 ligustra
1084 1633 1264 1691 colono,

214 1712 455 1775 Hyblaeis
488 1713 661 1775 apibus
697 1712 889 1759 Corsica
921 1712 1067 1758 mella
1101 1712 1320 1758 dabit.—

146 1792 241 1839 Sed
274 1797 441 1838 tamen
475 1799 524 1839 et
559 1809 736 1855 parvae
769 1793 1006 1839 nonnulla
1040 1798 1114 1838 est
1146 1793 1304 1854 gratia
1338 1792 1511 1840 Musae
1527 1810 1538 1851 3
1599 1808 1623 1855 5

211 1872 481 1934 Appetitur
514 1873 671 1934 posito
705 1872 819 1919 vilis
853 1873 983 1918 oliva
1016 1873 1130 1933 lupo
1147 1889 1160 1930 3

145 1952 196 1997 N
199 1968 250 1998 ec
287 1952 378 1998 tibi
413 1953 477 1997 sit
512 1952 702 2013 mirum,
741 1952 919 1999 modici
952 1953 1080 2014 quod
1115 1953 1302 1998 conscia
1335 1953 1462 1999 vatis

212 2032 457 2078 Iudicium
493 2033 670 2078 metuit
706 2039 874 2079 nostra
909 2032 1083 2078 Thalia
1116 2037 1270 2088 tuum,

145 2111 255 2172 Ipse
290 2117 399 2156 tuas
434 2111 579 2157 etia-m
616 2111 799 2157 veritus
835 2111 969 2157 Nero
1004 2111 1183 2156 dieitur
1217 2128 1368 2171 aures,

210 2190 468 2236 Lascivum
502 2191 694 2236 iuvenis
727 2206 838 2237 cum
872 2190 966 2236 tibi
999 2189 1118 2236 lusit
1153 2206 1283 2251 opus.
1568 2207 1625 2238 10

739 2365 1005 2412 XXVIII.

211 2502 364 2546 Dulce
399 2501 543 2547 decus
577 2516 759 2558 somnae,
796 2501 1021 2547 ludorum
1058 2501 1199 2557 fama,
1237 2501 1441 2549 Latinus

276 2582 368 2628 Ille
404 2598 490 2643 ego
525 2598 646 2640 sum,
686 2582 880 2644 plausus
915 2581 1209 2643 deliciaeque
1243 2587 1356 2629 tuae
1369 2599 1385 2643 3
