1732 2959
679 96 806 144 LIB.
859 95 948 142 [V.
1491 87 1548 132 47

769 310 867 355 III.

141 438 319 500 Aspice
354 451 500 497 quam
537 433 738 478 densum
775 429 1035 474 tacitarum
1071 424 1226 470 vellus
1262 438 1498 483 aquarum

210 515 409 562 Defluat
443 514 495 558 in
529 511 692 557 voltus
727 507 945 554 Caesaris
980 506 1126 565 inque
1162 503 1307 548 sinus.

143 596 376 657 Indulget
410 599 574 639 tamen
608 591 691 636 ille
727 589 849 645 Iovi,
889 604 976 633 nec
1012 585 1192 631 vertice
1229 588 1358 628 moto

214 674 474 720 Concretas
511 670 646 731 pigro
682 667 862 728 frigore
896 665 1023 710 ridet
1059 679 1218 724 aquas,

147 753 291 800 Sidus
327 747 636 812 Hyperborei
672 746 844 792 solitus
878 745 1056 790 lassare
1095 743 1276 788 Bootae
1532 751 1554 796 5

212 833 278 877 Et
312 829 519 877 madidis
554 827 762 873 Helicen
799 824 1102 871 dissimulare
1139 821 1296 868 comis,

148 911 268 968 Quis
303 909 438 955 siccis
474 906 664 952 lascivit
700 905 838 966 aquis
874 913 922 950 et
960 905 1019 948 ab
1056 902 1249 948 aethere
1285 900 1447 945 ludit?

215 989 440 1052 Suspicor
474 988 561 1033 has
595 985 734 1048 pueri
771 983 989 1030 Caesaris
1025 998 1125 1029 esse
1162 981 1310 1026 nives.

742 1173 894 1219 VIII.
912 1186 946 1200 s

148 1300 314 1345 Prima
348 1297 616 1344 salutantes
651 1301 796 1354 atque
831 1292 984 1338 altera
1019 1289 1225 1335 conterit
1261 1288 1390 1345 hora,

216 1378 421 1424 Exercet
455 1390 622 1421 raucos
658 1373 803 1419 tertia
839 1370 1136 1417 causidicos:

149 1457 214 1503 In
249 1457 472 1520 quintam
506 1454 665 1499 varios
700 1451 923 1498 extendit
958 1449 1116 1494 Roma
1152 1447 1351 1503 labores,

218 1520 539 1595 Sexta]‘quies
573 1532 723 1588 lassis,
762 1531 966 1592 septima
1001 1528 1112 1573 finis
1150 1526 1273 1572 erit:

151 1616 337 1662 Sufficit
371 1615 424 1660 in
457 1628 635 1659 nonam
671 1611 841 1656 nitidis
877 1615 1048 1656 octava
1082 1605 1347 1669 palaestris,
1535 1618 1559 1664 5

217 1696 433 1756 Imperat
469 1698 717 1739 extructos
752 1692 974 1751 frangere
1010 1705 1138 1734 nona
1173 1693 1331 1733 toros:

151 1776 292 1821 Hora
325 1774 599 1821 libellorum
635 1771 819 1818 decima
854 1775 938 1830 est,
984 1769 1245 1830 Eupheme,
1285 1782 1512 1822 meorum,

220 1855 478 1915 Temperat
511 1852 775 1898 ambrosias
810 1866 917 1896 cum
955 1856 1040 1895 tua
1076 1865 1190 1894 cura
1226 1848 1384 1908 dapes·

154 1935 221 1981 Et
257 1936 409 1980 bonus
444 1932 657 1979 aetherio
692 1932 888 1977 laxatur
924 1936 1116 1975 nectare
1155 1928 1331 1974 Caesar

219 2015 512 2077 Ingentique
547 2019 682 2060 tenet
718 2012 890 2074 pocula
926 2026 1067 2071 parca
1102 2025 1263 2054 manu.
1511 2022 1567 2052 10

154 2096 288 2141 Tunc
322 2093 528 2140 admitte
563 2092 718 2138 iocos:
765 2106 929 2152 gressu
965 2089 1107 2134 timet
1142 2088 1212 2133 ire
1247 2086 1412 2133 licenti

221 2176 303 2220 Ad
338 2173 636 2219 matutinum
671 2177 837 2218 nostra
871 2171 1041 2216 Thalia
1078 2170 1257 2214 Iovem.

826 2362 847 2374 r
894 2343 932 2379 ‚ss

798 2362 863 2407 λ.

91 2482 227 2528 Dum
260 2496 414 2526 novus
450 2486 523 2526 est
557 2496 664 2525 rasa
698 2495 786 2524 nec
821 2478 977 2524 adhuc
1011 2476 1133 2521 mihi
1168 2476 1326 2521 fronte
1361 2472 1566 2531 libellus,

159 2561 344 2623 Pagina
379 2560 494 2606 dum
530 2559 667 2621 tangi
701 2575 799 2604 non
832 2558 955 2603 bene
990 2558 1114 2602 sicca
1148 2555 1301 2610 timet,
