1732 2959
733 126 862 175 LIB.
913 125 1035 172 XII.
1534 126 1620 171 165

281 230 496 291 Exiguos
531 235 659 277 secto
694 239 961 278 comentem
995 233 1141 278 dente
1175 230 1383 292 capillos,

349 310 492 356 Dicet
527 310 775 357 Achilleas
810 311 1099 373 disposuisse
1133 327 1302 357 comas.
1568 329 1620 357 10

285 389 518 435 Fumosae
552 390 676 435 feret
709 389 810 451 ipse
843 390 1008 453 tropin
1042 391 1099 436 de
1133 390 1263 436 faece
1296 390 1508 451 lagonae,

345 467 539 514 Frontis
574 473 623 514 eb
657 468 909 515 humorem
943 470 1136 530 colliget
1171 485 1322 530 usque
1356 476 1479 515 tuae.

283 545 459 591 Omnia
492 546 724 603 laudabit,
761 548 1020 593 mirabitur
1053 547 1226 605 omnia,
1265 547 1414 594 donec

347 624 609 686 Perpessus
643 625 772 671 dicas
807 627 967 673 taedia
1000 627 1132 673 mille
1170 627 1344 673 “Veni
1365 628 1402 674 !''

720 870 1050 918 LXXXVII.

279 1032 365 1078 Bis
402 1032 546 1078 Cotta
579 1031 730 1078 soleas
764 1031 1025 1093 perdidisse
1060 1050 1109 1080 se
1144 1042 1354 1096 questus,

281 1113 414 1158 Dum
447 1113 769 1175 negligentem
804 1113 938 1159 ducit.
973 1115 1030 1160 ad
1068 1115 1212 1175 pedes
1246 1131 1457 1173 vernam,

279 1193 376 1249 Qui
409 1193 536 1239 solus
570 1193 704 1254 inopi
740 1199 890 1239 restat]
915 1199 965 1240 eb
999 1195 1116 1241 facit
1150 1196 1358 1253 turbam,

281 1273 592 1334 Excogitavit
624 1273 769 1319 homo
803 1290 950 1334 sagax
984 1279 1032 1319 eb
1067 1280 1270 1331 astutus,

281 1352 357 1398 Ne
391 1352 546 1399 facere
582 1359 741 1414 posset
775 1353 873 1398 tale
909 1353 1098 1414 saepius
1134 1353 1394 1399 damnum:
1600 1372 1620 1417 5

285 1433 588 1479 Excalciatus
623 1433 694 1479 ire
729 1434 886 1495 coepit
920 1434 982 1479 ad
1016 1450 1193 1480 cenam.

807 1663 974 1710 XCII.

215 1815 365 1874 Saepe
399 1829 565 1874 rogare
601 1813 737 1870 soles,
774 1812 929 1874 qualis
965 1813 1068 1869 sim,
1109 1811 1283 1868 Prisce,
1322 1813 1528 1868 futurus,

281 1893 332 1938 Si
366 1893 478 1938 fiam
513 1892 722 1953 locuples
756 1893 941 1953 simque
978 1897 1173 1953 repente
1207 1900 1389 1953 potens.

217 1970 519 2032 Quemquam
553 1986 689 2032 posse
724 1976 867 2031 putas
901 1986 1057 2016 mores
1092 1986 1287 2016 narrare
1320 1971 1539 2016 futuros?

284 2050 375 2095 Dic
411 2049 543 2107 mihi,
581 2051 621 2095 si
655 2050 741 2096 fias
777 2059 833 2095 tu
868 2050 953 2107 leo,
992 2050 1147 2111 qualis
1183 2050 1310 2096 eris?
