1732 2959
689 127 820 174 LIB.
883 126 994 175 VII.
1518 130 1579 176 93

172 231 325 277 Vivet
359 247 478 293 opus
512 232 833 293 quodcunque
867 248 953 293 per
987 231 1073 277 has
1107 232 1322 278 emiseris
1357 249 1497 279 aures
1514 252 1526 293 3
1554 250 1579 297 5

237 310 356 356 Tam
390 326 489 356 non
523 311 799 368 femineum,
837 327 924 357 nec
958 311 1190 373 populare
1225 312 1363 373 sapit.

170 389 284 435 Non
318 395 405 435 tua
440 389 703 436 Pantaenis
738 391 944 436 nimium
979 407 1028 437 se
1063 392 1304 453 praeferat
1338 392 1427 449 illi,

238 470 472 526 Quamvis
507 471 668 517 Pierio
703 471 768 517 sit
801 471 923 517 bene
957 477 1075 517 nota
1109 471 1264 518 choro.

171 551 399 598 Carmina
433 553 695 613 fingentem
732 551 925 613 Sappho
959 553 1179 598 laudavit
1213 552 1452 598 amatrix:

237 632 424 677 Castior
458 631 587 689 haec,
625 639 674 679 et
708 648 806 678 non
843 633 1027 679 doctior
1060 633 1146 678 illa
1180 633 1286 680 fuit.
1526 649 1581 678 10

723 779 948 826 LXXII.

301 901 481 947 Gratus
515 901 583 948 sic
616 901 721 958 tibi,
762 901 927 959 Paule,
967 902 1032 948 sit
1067 903 1345 961 December,

299 981 401 1028 Nec
436 982 552 1027 vani
587 982 801 1043 triplices
836 983 1102 1044 brevesque
1136 1000 1352 1046 mappae,

298 1062 402 1107 Nec
436 1062 561 1107 turis
596 1062 798 1107 veniant
832 1061 962 1107 leves
997 1063 1212 1120 selibrae,

300 1141 394 1187 Sed
427 1141 587 1186 lances
621 1141 748 1187 ferat
782 1147 832 1187 et
866 1142 1069 1203 scyphos
1104 1160 1305 1190 avorum

300 1223 405 1267 Aut
439 1222 636 1283 grandis
671 1238 781 1267 reus
816 1227 902 1267 aut
936 1229 1107 1284 potens
1141 1225 1336 1284 amicus,
1552 1241 1575 1287 5

297 1301 391 1347 Seu
426 1301 554 1362 quod
588 1306 636 1346 te
671 1301 832 1362 potius
867 1302 1006 1347 iuvat
1042 1303 1279 1365 capitque.

298 1379 376 1425 Sic
411 1379 576 1425 vineas
611 1380 925 1442 Noviumque
962 1381 1291 1444 Publiumque

296 1459 519 1504 Mandris
554 1464 603 1504 et
637 1459 794 1505 vitreo
829 1459 1016 1506 latrone
1052 1461 1238 1520 clusos3

297 1538 374 1584 Sic
409 1538 621 1599 palmam
658 1538 748 1584 tibi
784 1540 842 1585 de
877 1540 1069 1601 trigone
1103 1541 1234 1586 nudo

296 1618 491 1664 Unctae
526 1619 607 1664 det
642 1620 779 1665 favor
814 1619 996 1666 arbiter
1030 1637 1243 1679 coronae,
1521 1640 1576 1670 10

294 1698 399 1744 Nec
433 1697 600 1743 laudet
633 1697 810 1759 Polybi
842 1699 994 1760 magis
1029 1700 1277 1748 sinistras:

295 1779 347 1824 Si
381 1779 637 1840 quisquam
672 1795 779 1824 mea
814 1779 994 1825 dixerit
1028 1780 1270 1841 malignus

292 1859 421 1904 Atro
457 1858 671 1903 carmina
705 1873 828 1918 quae
863 1859 1059 1904 madent
1094 1875 1293 1917 veneno,

293 1936 370 1982 Ut-
403 1952 568 1981 vocem
603 1936 724 1981 mihi
759 1937 1032 1983 commodes
1066 1944 1337 1999 patronam,

292 2014 359 2059 Et
392 2020 634 2075 quantum
668 2015 862 2075 poteris,
901 2016 984 2061 sed
1018 2032 1186 2078 usque,
1224 2018 1426 2066 clames:
1516 2035 1569 2081 15

293 2093 446 2139 “Non
482 2095 674 2155 scripsit
709 2110 844 2140 meus
879 2095 973 2141 ista
1009 2095 1299 2145 Martialis.''

669 2241 970 2290 LXXXIV.
1002 2262 1039 2284 w

91 2346 224 2391 Dum
258 2362 365 2393 mea
401 2346 608 2394 Caecilio
641 2348 880 2394 formatur
914 2349 1072 2409 imago
1108 2348 1327 2395 Secundo

156 2426 318 2488 Spirat
353 2435 402 2473 et
437 2434 609 2489 arguta
642 2429 771 2490 picta
805 2430 985 2476 tabella
1018 2446 1180 2488 manu,

90 2505 131 2562 Ι,
168 2505 302 2563 liber,
339 2507 400 2551 ad
436 2507 652 2553 Geticam
691 2508 884 2554 Peucen
919 2509 1244 2570 Histrumque
1279 2509 1544 2557 iacentem:

158 2586 295 2632 Haec
329 2586 432 2632 loca
465 2587 749 2647 perdomitis
784 2588 1011 2649 gentibus
1045 2588 1128 2633 ille
1163 2593 1307 2634 tenet.
