1732 2959
146 115 238 159 122
692 113 1080 160 MAR'J‘IALIS

792 278 981 327 XCIV.

143 397 405 444 Sardonica
441 398 678 443 medicata
713 397 847 442 dedit
884 397 1006 443 mihi
1041 398 1210 459 pocula
1246 399 1411 459 virga:

210 477 277 524 Os
311 478 546 523 hominis!
589 478 799 522 mulsum
835 493 910 523 me
947 485 1086 539 rog-ab
1123 479 1465 540 Hippocrates.

142 558 261 604 Tam
295 557 519 619 sbupidus
554 573 804 618 nunquam
841 574 929 604 nec
963 565 1033 615 tu,
1072 565 1202 619 puto,
1244 558 1438 617 Glauce,
1472 559 1626 618 fuisti,

210 637 414 683 Chalcea
451 636 653 682 dona-nti
689 637 878 698 chrysia
913 638 998 699 qui
1033 638 1241 686 dederas,

144 717 297 763 Dulce
333 718 507 779 aliquis
543 734 718 764 munus
753 735 840 780 pro
876 735 1072 765 munere
1107 721 1260 782 poscit
1294 722 1491 767 amaro'l
1598 733 1623 782 5

211 797 454 857 Accipiat,
490 797 573 842 sed
610 798 650 864 si
686 802 824 858 potat
859 799 911 843 in
947 799 1167 845 elleboro.

758 964 1013 1011 XCVIII.

345 1080 718 1127 Vindemiarum
755 1099 853 1127 non
887 1083 1067 1144 ubique
1101 1088 1363 1143 proventus

344 1159 576 1217 Cessavit,
619 1159 767 1206 Ovidi
784 1178 797 1219 ,-
836 1160 1004 1221 pluvia
1040 1159 1227 1221 profuit
1260 1161 1468 1222 grandis.

347 1240 553 1286 Cenbum
591 1240 807 1286 Coranus
842 1241 1096 1301 amphoras
1132 1257 1283 1302 aquae
1319 1241 1443 1286 fecit.

785 1405 975 1451 XCIX.

212 1526 409 1573 Marcus
443 1532 576 1573 amat
610 1533 798 1573 nostras
834 1528 1098 1584 Antonius,
1126 1527 1318 1584 -Atatice,
1359 1527 1540 1585 Musas,

279 1606 457 1653 Charba
493 1607 757 1652 salubatrix
792 1609 831 1652 si
868 1607 1008 1653 modo
1044 1623 1159 1652 vera
1193 1607 1341 1652 refert,
1365 1623 1373 1651 ι
1399 1671 1414 1683 ο

214 1682 411 1730 Marcus
447 1683 693 1729 Palladiae
729 1700 826 1729 non
863 1684 1123 1729 inficianda
1157 1683 1356 1729 Tolosae

281 1761 460 1821 Gloria,
499 1779 642 1825 quem
676 1763 847 1824 genuit
881 1764 1011 1825 pacis
1046 1764 1244 1808 alumna
1278 1763 1425 1824 quies.

213 1843 285 1888 Tu
322 1844 406 1904 qui
439 1843 584 1904 longa
617 1850 754 1905 potes
787 1843 1040 1904 dispendia
1075 1843 1199 1889 ferre
1234 1843 1438 1901 viarum,
1601 1856 1625 1904 5

282 1921 322 1979 I,
361 1921 496 1979 liber,
535 1922 747 1967 absentis
782 1923 955 1983 pignus
990 1923 1242 1969 amicitiae.

213 1999 344 2046 Vilis
380 2017 495 2057 eras,
533 2002 698 2059 fateor,
739 2002 779 2047 si
814 2008 863 2047 te
898 2018 1027 2048 nunc
1062 2004 1279 2047 mitteret]
1314 2005 1530 2062 emptor:

281 2080 477 2126 Grande
511 2083 586 2126 tui
622 2082 834 2143 pretium
870 2082 1085 2128 muneris
1121 2087 1288 2127 auctor
1323 2082 1426 2126 erit.

216 2160 451 2218 Multum,
491 2161 631 2208 crede
667 2162 805 2222 mihi,
842 2163 1005 2221 refert,
1045 2179 1073 2207 a
1107 2164 1240 2208 fonte
1273 2162 1472 2207 bibatur

284 2240 419 2297 Quae
454 2242 576 2299 fiui‘c,
614 2259 675 2287 an
711 2244 847 2304 pigro
883 2259 1006 2304 quae
1041 2248 1205 2304 stupet
1239 2242 1371 2287 unda
1405 2241 1525 2287 lacu.
1571 2256 1627 2286 10

871 2407 920 2454 C.

221 2515 426 2560 Denaris
462 2514 619 2560 tribus
653 2514 834 2560 invitas
871 2518 920 2559 et
954 2529 1095 2559 mane
1130 2516 1348 2573 togatum

285 2595 553 2641 Observare
587 2595 723 2640 iubes
759 2595 896 2653 atria,
935 2594 1097 2650 Basse,
1136 2600 1254 2639 tua:
