1732 2959
693 141 823 186 LIB.
883 139 928 184 V.
1492 134 1551 178 65

724 349 904 396 XXII.

73 493 221 538 Mane
255 489 387 536 domi
419 487 517 534 nisi
550 491 600 531 te
634 484 769 530 volui
802 482 1052 543 meruique
1089 480 1266 537 videre,

138 570 250 616 Sint
282 567 417 625 mihj,
454 565 619 621 Paule,
653 568 767 608 tuae
801 561 992 622 longius
1028 559 1287 621 Esquiliae.

72 650 168 697 Sed
200 647 487 694 Tiburtinae
522 659 630 690 sum
663 642 915 704 proximus
949 640 1109 686 accola
1142 639 1281 700 pilae,

140 727 248 781 Qua
280 724 415 778 videt
450 721 708 782 antiquum
743 719 922 764 rustica
956 717 1103 763 Flora
1138 716 1335 762 Iovem:

70 805 194 853 Alta
229 801 474 850 Suburani
506 798 745 845 vincenda
780 802 854 843 est
888 795 1061 841 semita
1094 793 1209 840 clivi
1526 805 1550 852 5

138 884 205 929 Et
238 896 490 943 nunquam
522 879 647 925 sicco
681 876 874 923 sordida
908 891 1027 921 saxa
1057 873 1224 935 gradu,

72 964 273 1025 Vixque
307 963 452 1007 datur
485 960 652 1020 longas
685 956 930 1002 mulorum
963 968 1187 1015 rumpere
1221 951 1450 997 mandras

141 1043 369 1103 Quaeque
402 1039 533 1086 trahi
566 1037 722 1083 multo
757 1049 998 1080 marmora
1030 1032 1147 1078 fune
1182 1032 1331 1078 videS.

73 1122 208 1168 Illud
242 1120 398 1166 adhuc
431 1118 636 1180 gravius,
677 1114 806 1176 quod
839 1119 889 1159 te
923 1117 1033 1174 post
1066 1111 1198 1156 mille
1232 1110 1431 1166 labores,

139 1201 304 1259 Paule,
341 1204 488 1260 negat
521 1199 643 1243 lasso
678 1195 859 1241 ianitor
893 1208 994 1238 esse
1029 1190 1171 1237 domi.
1498 1204 1553 1233 10

77 1281 257 1328 Exitus
290 1279 370 1325 hio
403 1277 559 1341 operis
595 1276 710 1321 vani
744 1274 1033 1334 togulaeque
1067 1269 1337 1315 madentis:

143 1357 250 1402 Vix
282 1356 410 1401 tanti
444 1353 654 1399 Paulum
689 1365 830 1395 mane
864 1348 1028 1393 Videre
1062 1347 1168 1392 fuit.

79 1437 276 1498 Semper
309 1435 599 1480 inhumanos
633 1431 782 1477 habet
817 1429 1052 1474 officiosus
1087 1425 1291 1472 amicos:

146 1517 269 1574 Rex,
307 1515 401 1560 nisi
436 1511 702 1568 dormieris,
738 1526 838 1556 non
871 1513 1009 1570 potes
1044 1522 1144 1552 esse
1179 1521 1325 1551 meus.

724 1749 928 1796 XXIV.
978 1722 980 1724 ’

213 1896 423 1941 Hermes
458 1892 643 1938 Martia
677 1889 856 1936 saeculi
889 1888 1129 1948 voluptas,

215 1975 425 2021 Hermes
459 1971 682 2019 omnibus
717 1967 937 2016 eruditus
972 1965 1130 2020 armis,

216 2055 425 2102 Hermes
459 2058 508 2099 et
541 2052 780 2113 gladiator
814 2054 864 2095 et
897 2047 1141 2107 magister,

218 2136 427 2182 Hermes
459 2133 606 2178 turba
639 2131 715 2177 Suj
749 2135 1025 2188 tremorque
1059 2125 1176 2183 ludi,

218 2216 440 2273 Hermes,
478 2229 620 2275 quem
653 2212 796 2257 timet
831 2209 1021 2265 Helius,
1058 2207 1140 2252 sed
1173 2220 1342 2260 unum,

219 2298 442 2355 Hermes,
479 2297 557 2341 cui
592 2293 721 2340 cadit
754 2291 1019 2348 Advolans‚
1059 2288 1141 2334 sed
1175 2286 1275 2344 uni,

219 2378 429 2424 Hermes
462 2377 653 2422 vincere
686 2389 774 2419 neo
808 2372 950 2418 ferire
985 2370 1166 2425 doctus,

220 2458 430 2503 Hermes
464 2453 802 2517 suppositioius
836 2451 929 2497 sibi
961 2450 1076 2509 ipse,

221 2539 429 2585 Hermes
463 2538 664 2584 divitiae
697 2534 994 2588 locariorum,

221 2619 432 2665 Hermes
466 2635 579 2664 cura
612 2618 841 2677 laborque
874 2613 1132 2668 ludiarum,
1508 2620 1564 2649 10

1535 2217 1559 2262 υι

224 2732 271 2763 Μ.
1404 2705 1430 2748 5
