1732 2959
143 150 233 195 134
666 149 929 196 MARTJA
939 150 1052 196 LIS

777 324 969 371 XLIX.

368 453 490 500 Cum
526 459 661 515 potes
695 455 1044 515 amethystinos
1084 457 1285 503 trientes

367 534 432 579 Et
466 535 603 594 nigro
639 534 830 580 madeas
868 535 1136 596 Opimiano,

368 611 602 672 Propinas
637 613 777 659 modo
813 614 1062 660 conditum
1100 616 1334 662 Sabinum

366 691 433 736 Et
466 691 584 737 dicis
618 692 752 749 mihi,
793 693 936 739 Cotta
974 695 1102 741 “Vis
1137 696 1189 741 in
1224 696 1398 742 aut·o?''

366 773 632 835 Quisquam
668 774 894 835 plumbea
929 776 1045 822 vina
1079 777 1183 822 volt
1217 777 1268 822 in
1304 778 1446 823 auro?
1587 794 1611 840 5

849 993 902 1040 L.

199 1143 413 1205 Frangat
448 1143 706 1190 Idumaeas
743 1144 898 1190 tristis
936 1144 1159 1190 Victoria
1194 1145 1389 1205 palmas,

266 1222 461 1287 Plange‚
500 1225 539 1270 F
541 1240 671 1283 avor,
709 1241 852 1270 saeva
885 1231 1078 1285 pectora
1112 1225 1244 1270 nuda
1278 1240 1436 1271 mann.

199 1305 366 1352 Mutet
401 1306 577 1352 Honor
611 1306 770 1351 cultus
806 1312 855 1351 et
890 1305 1071 1366 iniquis
1107 1321 1307 1351 munera
1342 1305 1548 1350 flammis

266 1386 414 1432 Mitte
449 1393 712 1444 coronatas,
752 1386 919 1432 Gloria
954 1391 1148 1444 maesta,
1187 1402 1355 1432 comas.

199 1465 313 1512 Heu
350 1465 562 1513 facinus!
601 1467 756 1528 prima
792 1467 1057 1522 fraudatus,
1097 1466 1286 1528 Scorpe,
1324 1466 1526 1511 iuventa
1588 1479 1611 1526 5

266 1546 452 1594 Occidis
487 1555 536 1592 et
571 1547 732 1608 nigros
768 1551 867 1591 tam
904 1547 999 1592 cito
1033 1547 1194 1607 iungis
1231 1562 1385 1607 equos,

202 1628 432 1676 Curribus
466 1628 551 1674 illa
585 1628 683 1674 tuis
719 1644 905 1689 semper
939 1632 1194 1689 properata
1228 1626 1482 1688 brevisque

267 1708 366 1755 Cur
399 1709 494 1755 fuit
529 1713 578 1754 et
612 1708 743 1754 vitae
780 1716 880 1753 tam
917 1724 1062 1769 prope
1096 1713 1226 1753 meta
1263 1707 1400 1752 tuae?

832 1921 916 1967 LI.

201 2074 368 2121 Sidera
401 2074 498 2119 iam
535 2074 710 2135 Tyrius
746 2073 949 2119 Phrixei
984 2071 1179 2134 respicit
1214 2070 1327 2132 agni

267 2153 452 2199 Taurus
488 2158 537 2198 et
571 2153 814 2198 alternum
852 2154 1051 2198 Castora
1086 2152 1212 2212 fugit
1247 2151 1400 2196 hiems
1411 2165 1424 2208 3

200 2232 348 2277 Ridet
382 2247 508 2292 ager,
545 2232 754 2277 vestitur
788 2231 977 2289 humus,
1015 2230 1223 2276 vestitur
1257 2234 1306 2274 et
1340 2229 1495 2284 arbor,

266 2311 526 2357 Ismarium
562 2311 723 2372 pellex
758 2311 930 2356 Attica
965 2310 1122 2372 plorat
1158 2310 1291 2371 Ityn.

201 2392 344 2450 Quos,
374 2391 620 2449 Faustine,
648 2392 762 2449 dies,
789 2392 953 2453 quales
978 2391 1070 2435 tibi
1095 2390 1254 2435 Roma
1279 2389 1543 2434 Ravennae
1584 2400 1608 2448 5

270 2471 516 2518 Abstulit!
555 2488 582 2518 o
619 2472 752 2530 soles,
792 2489 819 2517 o
853 2472 1071 2517 tunicata
1106 2469 1263 2532 quies!

201 2552 242 2598 O
278 2567 460 2609 nemus,
499 2567 526 2598 o
560 2553 717 2597 fontes
753 2552 1054 2611 solidumque
1087 2549 1328 2595 madentis
1364 2548 1570 2593 harenae

268 2631 408 2677 Litus
443 2636 492 2676 et
526 2630 773 2692 aequoreis
808 2629 1089 2691 splendidus
1124 2628 1305 2673 Anxur
1339 2625 1490 2686 aquis,
