1732 2959
115 99 173 143 12
654 100 1041 148 MARTIALIS

785 415 918 462 XLI.

244 560 477 606 Urbanus
513 559 617 615 tibi,
657 559 836 605 Caecili
869 560 1059 606 videris.

243 638 359 684 Non
394 653 457 695 es,
494 637 631 683 crede
666 637 798 682 mihi.
873 637 1000 693 Quid
1037 640 1182 699 ergo?
1232 656 1391 697 verna,

243 717 353 763 Hoc
389 717 517 778 quod
553 717 926 763 transtiberinus
960 719 1243 775 ambulator,

244 796 342 852 Qui
374 796 607 857 pallentia
641 796 926 857 sulphurata
960 797 1127 843 fractis

244 874 499 920 Permutat
532 875 716 931 vitreis,
754 876 881 936 quod
917 878 1095 923 otiosae

245 954 436 1000 Vendit
469 955 554 1016 qui
589 955 835 1001 madidum
871 957 994 1003 cicer
1027 973 1240 1015 coronae,

247 1033 386 1089 Quod
421 1040 579 1080 custos
615 1035 932 1097 dominusque
967 1037 1251 1098 viperarum,

247 1112 387 1167 Quod
421 1113 541 1159 viles
576 1113 714 1175 pueri
749 1115 1049 1171 salariorum,

247 1191 386 1247 Quod
421 1193 660 1238 fumantia
695 1193 781 1254 qui
814 1195 1019 1240 tomacla
1052 1211 1224 1242 raucus

246 1269 536 1316 Circumfert
571 1271 746 1332 tepidis
780 1289 919 1318 cocus
953 1273 1158 1335 popinis,

247 1348 387 1404 Quod
420 1365 519 1395 non
554 1351 765 1411 optimus
801 1350 1016 1399 Urbicus
1050 1358 1203 1413 poeta,

247 1429 387 1484 Quod
423 1429 482 1475 de
518 1428 735 1476 Gadibus
769 1430 1016 1492 improbus
1050 1432 1289 1492 magister.

247 1508 406 1564 Quare
441 1509 603 1554 desine
637 1509 735 1554 iam
770 1509 861 1555 tibi
895 1511 1049 1556 videri
1156 1567 1158 1569 Ι

247 1588 387 1643 Quod
421 1588 510 1634 soli
544 1589 652 1647 tibi,
690 1588 882 1648 Caecili,
919 1590 1111 1647 videris,

248 1667 342 1723 Qui
379 1667 600 1714 Gabbam
635 1669 814 1714 salibus
848 1669 947 1715 tuis
982 1675 1031 1715 et
1065 1670 1225 1731 ipsum

246 1747 417 1793 Posses
451 1749 642 1794 vincere
678 1749 895 1795 Tettium
931 1750 1194 1796 Caballum.

245 1828 361 1874 Non
395 1829 663 1890 cuicunque
699 1830 867 1875 datum
903 1836 975 1876 est
1008 1831 1183 1877 habere
1217 1846 1414 1877 nasum:

247 1910 398 1955 Ludit
431 1910 518 1971 qui
551 1911 727 1956 stolida
760 1912 1064 1973 procacitate,

247 1989 361 2035 Non
395 1995 469 2035 est
502 1990 692 2036 Tettius
726 1991 819 2050 ille,
859 1991 940 2037 sed
975 1991 1195 2039 caballus.

756 2357 802 2402 X
811 2357 949 2404 LIII.

117 2502 202 2549 Bis
236 2502 329 2548 tibi
361 2502 536 2548 triceni
568 2502 765 2560 fuimus,
804 2503 1045 2562 Mancino,
1084 2505 1242 2550 vocati

183 2583 249 2628 Et
283 2584 493 2644 positum
527 2590 600 2630 est
633 2585 772 2630 nobis
806 2584 877 2630 nil
913 2584 1025 2630 here
1061 2591 1250 2646 praeter
1284 2601 1467 2647 aprum,

1532 1292 1589 1320 10

1535 1686 1587 1732 15
