1732 2959
465 605 535 657 M.
563 606 721 658 VAL.
751 607 1159 661 MARTIALIS

325 743 1262 810 EPIGRAMMATON

641 923 882 969 LIBER
917 925 957 971 Ι.

159 1067 316 1114 SPERO
351 1084 428 1115 me
469 1074 684 1116 secutum
724 1070 775 1116 in
811 1070 985 1118 libellis
1020 1072 1139 1118 meis
1170 1073 1267 1118 tale
1309 1079 1541 1134 tempera-

60 1151 294 1204 mentum,
320 1152 378 1193 ut
416 1148 473 1194 de
509 1148 607 1194 illis
645 1150 783 1211 queri
818 1166 916 1196 non
953 1151 1104 1212 possit
1138 1152 1357 1213 quisquis
1395 1153 1453 1199 de
1491 1169 1540 1199 se

60 1226 181 1271 bene
219 1226 432 1285 senserit,
469 1243 576 1273 cum
615 1228 749 1274 salva
786 1229 1063 1276 infimarum
1094 1246 1286 1293 quoque
1315 1248 1538 1293 persona-

60 1322 167 1351 rum
201 1307 475 1353 reverentia
497 1307 671 1354 ludant
685 1326 699 1368 5
735 1325 859 1370 quae
882 1310 1000 1356 adeo
1022 1312 1239 1373 antiquis
1263 1313 1540 1358 auctoribus

61 1385 229 1442 defuit,
256 1391 315 1431 ut
350 1387 631 1434 nominibus
666 1404 765 1434 non
788 1394 983 1435 tantum
1007 1390 1136 1436 veris
1160 1391 1297 1437 abusi
1321 1391 1433 1450 sint,
1458 1393 1542 1439 sed
1598 1392 1620 1438 5

60 1470 110 1510 et
143 1465 341 1526 magniS.
414 1465 545 1511 Mihi
579 1467 709 1513 fama
742 1468 890 1515 vilius
928 1475 1114 1515 constet
1147 1475 1197 1516 et
1232 1471 1461 1532 probetur
1487 1471 1541 1518 in

60 1559 137 1589 me
175 1543 491 1590 novissimum
528 1546 790 1607 ingenium.
863 1548 1013 1594 Absit
1049 1565 1078 1595 a
1111 1549 1324 1595 iocorum
1359 1556 1542 1596 nostro-

60 1639 168 1668 rum
200 1623 509 1685 simplicitate
544 1625 786 1687 malignus
819 1627 1058 1689 interpres
1083 1645 1170 1674 nec
1194 1629 1541 1692 epigrammata

61 1718 167 1748 mea
203 1703 393 1752 scribat.
466 1703 696 1767 Improbe
734 1706 853 1753 facit
877 1709 962 1770 qui
992 1707 1053 1754 in‘
1077 1708 1233 1754 alieno
1265 1709 1389 1756 libro
1413 1710 1541 1772 inge-

61 1783 223 1828 niosus
268 1787 352 1831 est.
448 1783 701 1831 Lascivam
745 1787 1004 1833 verborum
1051 1789 1323 1848 veritatem,
1371 1790 1422 1836 id
1467 1796 1540 1837 est
1566 1802 1623 1832 10

61 1863 444 1925 epigrammaton
489 1865 722 1926 linguam,
771 1883 1063 1928 excusarem,
1113 1870 1154 1916 si
1200 1886 1362 1916 meum
1418 1877 1541 1918 esset

61 1941 362 2003 exemplum:
400 1943 467 1989 sic
505 1944 673 1990 scribit
698 1945 933 2005 Catullus,
962 1948 1028 1993 sic
1066 1947 1272 2006 Marsus,
1299 1948 1365 1995 sic
1390 1949 1534 2010 Pedo,

61 2020 128 2065 sic
173 2020 469 2080 Gaetulicus,
519 2022 586 2069 sic
634 2023 911 2086 quicunque
957 2027 1234 2088 perlegitur.
1323 2027 1376 2074 Si
1431 2028 1540 2090 quis

60 2106 224 2146 tamen
264 2106 365 2146 tam
411 2102 663 2149 ambitiose
709 2104 877 2150 tristis·
907 2111 994 2164 est,
1033 2110 1091 2151 ut
1135 2107 1264 2168 apud
1311 2107 1450 2154 illum
1487 2109 1540 2154 in

61 2179 196 2225 nulla
232 2181 408 2242 pagina
443 2181 595 2228 latine
632 2183 767 2245 loqui
804 2184 877 2230 fas
917 2185 993 2245 sit,
1032 2192 1193 2247 potest
1224 2187 1426 2249 epistola
1461 2188 1539 2234 vel
1566 2201 1620 2246 15

61 2259 222 2320 potius
257 2260 404 2307 titulo
439 2268 696 2309 contentus
728 2278 842 2311 esse.
915 2264 1281 2326 Epigrammata
1304 2267 1401 2312 illis
1426 2269 1538 2313 scri-

60 2339 256 2398 buntur,
305 2342 389 2402 qui
442 2341 599 2388 solent
644 2348 860 2404 spectare
907 2344 1134 2392 Florales.
1228 2346 1344 2392 Non
1389 2346 1540 2393 intret

63 2419 183 2465 Cato
238 2419 486 2467 theatrum
542 2438 718 2481 meum,
767 2429 855 2469 aut
911 2425 953 2470 si
1009 2425 1281 2484 intraverit,
1342 2432 1536 2487 spectet.

61 2499 248 2546 Videor
282 2501 402 2547 mihi
435 2518 542 2549 meo
576 2503 681 2549 iure
718 2504 946 2561 facturus,
975 2504 1016 2550 si
1040 2505 1293 2566 epistolam
1319 2506 1538 2553 versibus

62 2579 272 2626 clusero:
1563 2595 1622 2625 20
