1732 2959
693 121 821 169 LIB.
866 121 972 169 III.
1508 123 1565 168 41

229 230 556 291 Nondumque
593 231 723 276 victa
763 230 970 275 lacteum
1011 230 1120 275 faba
1161 245 1372 290 porcum.

227 309 332 355 Nec
372 308 574 354 feriatus
610 309 714 354 ibat
750 314 864 354 ante
900 324 1160 366 carrucam,

228 387 321 433 Sed
361 392 470 433 tuta
506 388 617 432 feno
658 402 822 432 cursor
863 403 953 432 ova
986 387 1220 447 portabat.

228 467 415 513 Urbem
456 467 650 528 petebat
692 466 904 513 Bassus?
945 466 1092 511 immo
1129 481 1211 510 rus
1243 465 1357 510 ibat.
1517 480 1568 527 15

810 572 862 618 L.

96 672 232 717 Haec
273 671 379 726 tibi,
419 685 519 715 non
557 669 665 725 alia,
710 675 782 714 est
822 669 881 713 ad
924 684 1090 713 cenam
1131 684 1273 713 causa
1310 668 1527 722 vocandi,

165 750 440 796 Versiculos
481 748 654 794 recites
685 753 756 803 ut,
798 747 1045 808 Ligurine,
1084 752 1204 794 tuos.

94 830 310 891 Deposui
350 830 514 886 soleas,
557 829 761 874 affertur
801 828 1023 889 protinus
1060 826 1230 888 ingens

161 909 300 955 Inter
336 910 546 955 lactucas
588 923 950 968 oxygarumque
991 908 1125 954 liber.

93 989 239 1034 Alter
276 988 553 1049 porrigitur,
593 987 711 1032 dum
749 987 930 1033 fercula
965 987 1122 1048 prima
1158 992 1437 1033 morantur:
1539 1000 1563 1047 5

160 1067 350 1113 Tertius
391 1072 476 1124 est,
516 1083 674 1127 neque
710 1066 868 1112 adhuc
908 1083 1073 1112 mensa
1110 1067 1319 1112 secunda
1355 1070 1503 1116 venit.

96 1147 160 1192 Et
191 1153 421 1207 quartum
460 1146 632 1192 recitas
670 1152 719 1192 et
759 1146 987 1207 quintum
1028 1145 1235 1207 denique
1273 1147 1451 1194 broma.

161 1225 370 1271 Putidus
405 1231 490 1283 est,
527 1225 706 1270 totiens
743 1226 783 1270 si
817 1224 936 1270 mihi
972 1225 1109 1286 ponis
1145 1241 1329 1286 aprum.

96 1304 236 1360 Quod
271 1304 313 1350 si
346 1320 443 1349 non
479 1304 708 1350 scombris
743 1304 973 1349 scelerata
1007 1310 1230 1364 poemata
1264 1304 1427 1357 donas,

163 1384 369 1429 Cenabis
405 1383 534 1429 solus
568 1385 680 1442 iam,
717 1383 965 1445 Ligurine,
1004 1383 1147 1430 domi.
1520 1400 1575 1429 10

779 1498 889 1544 LII.

98 1595 277 1655 Empta
310 1594 480 1638 domus
515 1592 677 1638 fuerat
712 1593 817 1652 tibi,
855 1593 1152 1654 Tongiliane,
1191 1593 1387 1639 ducenis

163 1674 389 1721 Abstulit
422 1674 546 1720 hanc
580 1672 788 1719 nimium
823 1689 959 1719 casus
993 1673 1047 1718 in
1081 1673 1200 1718 urbe
1234 1672 1474 1734 frequens.

100 1757 342 1803 Collatum
377 1761 450 1802 est
484 1757 686 1802 deciens.
759 1756 909 1817 Rogo,
947 1772 1045 1802 non
1078 1761 1214 1816 potes
1248 1755 1350 1817 ipse
1386 1753 1540 1798 videri

165 1836 443 1883 Incendisse
476 1842 627 1894 tuam,
666 1836 962 1897 Tongssiane,
1002 1836 1231 1882 domum?

785 1949 890 1995 LV.

101 2042 241 2098 Quod
275 2057 561 2103 quacunque
599 2040 750 2097 venis,
791 2041 1018 2087 Cosmum
1053 2041 1260 2101 migrare
1294 2047 1524 2102 putamus

167 2123 234 2168 Et
267 2122 415 2168 fluere
450 2137 647 2167 excusso
683 2122 906 2167 cinnama
938 2122 1047 2167 fusa
1082 2121 1224 2177 vitro,

101 2202 230 2248 Nolo
264 2201 529 2263 peregrinis
564 2201 752 2262 placeas
786 2201 892 2258 tibi,
932 2201 1103 2259 Gellia,
1142 2201 1295 2262 nugis.

169 2280 284 2337 Scis,
321 2285 452 2341 puto,
494 2295 631 2341 posse
666 2295 828 2325 meum
865 2279 930 2325 sic
966 2280 1087 2325 bene
1124 2280 1251 2325 olere
1288 2295 1464 2324 canem.

764 2394 903 2440 LVI.

105 2483 180 2529 Sit
213 2483 417 2528 cisterna
452 2482 584 2541 mihi,
624 2500 768 2544 quam
804 2485 960 2541 Vinea,
998 2484 1126 2529 malo
1162 2485 1440 2541 Ravennae,

171 2561 293 2607 Cum
328 2561 504 2622 possim
539 2561 694 2607 multo
728 2562 936 2608 vendere
971 2562 1124 2624 pluris
1160 2578 1346 2623 aquam.
