1732 2959
104 117 129 162 8
637 107 1026 156 MARTIALIS

168 223 348 270 Nosses
382 222 567 267 iocosae
602 220 740 264 dulce
775 234 885 264 cum
920 233 1109 263 sacrum
1146 216 1318 261 Florae

169 305 430 364 Festosque
465 302 599 348 lusus
634 308 683 346 et
718 300 966 345 licentiam
1001 298 1143 359 volgi,

171 383 270 429 Cur
293 382 344 427 in
368 383 629 438 theatrum,
669 379 790 426 Cato
825 394 1002 434 severe,
1039 377 1253 423 venisti‘l

170 464 256 509 An
290 463 396 508 ideo
431 467 624 507 tantum
659 474 874 514 veneras,
913 464 968 503 ut
1002 457 1189 503 exires2

805 699 873 745 II.
918 725 921 727 ·

112 815 207 870 Qui
241 818 397 858 tecum
437 811 571 872 cupis
606 826 707 856 esse
742 825 871 855 meos
907 809 1182 869 ubicunque
1218 808 1403 855 libellos

176 896 243 942 Et
277 894 475 941 comites
508 893 680 954 longae
716 893 908 953 quaeris
943 891 1120 937 habere
1155 890 1276 948 viae,

113 977 220 1023 Hos
254 991 372 1032 eme,
407 990 528 1036 quos
562 977 694 1019 artat
725 972 956 1018 brevibus
990 971 1271 1016 membrana
1305 969 1524 1015 tabellis:

180 1055 368 1102 Scrinia
404 1055 465 1101 da
499 1054 702 1114 magnis,
739 1070 815 1099 me
851 1068 1024 1097 manus
1059 1067 1158 1096 una
1193 1050 1334 1111 capit.

114 1138 193 1184 Ne
226 1142 392 1183 tamen
425 1137 614 1197 ignores
652 1135 731 1180 ubi
770 1134 859 1179 sim
897 1131 1096 1187 venalis⁷
1134 1135 1183 1176 et
1218 1144 1346 1174 erres
1568 1141 1589 1187 5

184 1217 319 1264 Urbe
355 1231 506 1278 vagus
541 1220 660 1272 tota,
698 1230 774 1259 me
811 1213 929 1258 duce
964 1216 1123 1258 certus
1158 1210 1281 1255 eris:

116 1297 373 1343 Libertum
408 1295 538 1342 docti
575 1293 803 1340 Lucensis
839 1307 1015 1354 quaere
1057 1288 1331 1336 Secundum

184 1377 378 1422 Limina
411 1381 521 1438 post
557 1375 697 1421 Pacis
734 1372 1107 1432 Palladiumque
1141 1368 1314 1415 forum.

757 1612 772 1669 ς
808 1613 907 1659 111.
938 1599 1003 1642 *s

123 1723 438 1784 Argiletanas
473 1719 629 1766 mavis
664 1703 883 1763 habitare
918 1716 1156 1768 tabernas,

191 1805 315 1851 Cum
349 1802 455 1859 tibi,
493 1815 640 1862 parve
675 1798 812 1854 liber,
852 1796 1030 1841 scrinia
1064 1799 1230 1839 nostra
1265 1797 1439 1837 vacent

125 1885 311 1942 Nescis,
347 1882 457 1939 heu,
495 1880 650 1925 nescis
686 1878 910 1923 dominae
945 1875 1144 1920 fastidia
1179 1872 1393 1918 Romae:

194 1964 346 2012 Crede
380 1962 515 2020 mihi,
553 1960 760 2006 nimium
795 1957 980 2003 Martia
1014 1955 1160 2001 turba
1201 1951 1339 2013 sapit.

129 2046 341 2092 Maiores
375 2057 613 2103 nusquam
648 2038 864 2095 rhonchi,
902 2038 1194 2096 iuvenesque
1231 2046 1460 2093 senesque
1581 2044 1603 2090 5

196 2124 263 2170 Et
296 2122 435 2185 pueri
470 2136 642 2166 nasum
676 2116 992 2163 rhinocerotis
1026 2115 1219 2160 habent.

131 2204 363 2252 Audieris
399 2218 509 2249 cum
543 2201 723 2262 grande
759 2198 945 2259 sophos,
983 2197 1100 2242 dum
1135 2195 1270 2240 basia
1305 2194 1455 2239 iactas

197 2283 303 2331 Ibis
337 2282 398 2328 ab
435 2296 634 2326 excusso
669 2277 844 2323 missus
877 2276 931 2320 in
966 2280 1096 2320 astra
1131 2288 1254 2333 sago.

137 2365 229 2411 Sed
264 2369 321 2409 tu
355 2377 416 2407 ne
449 2360 629 2405 totiens
665 2357 851 2404 domini
885 2355 1071 2417 patiare
1111 2353 1284 2398 lituras

202 2442 342 2489 Neve
376 2447 514 2485 notet
547 2438 681 2483 lusus
716 2435 872 2482 tristis
908 2433 1129 2480 harundo
1165 2438 1291 2489 tuos,
1560 2445 1615 2477 10

141 2521 414 2579 Aetherias,
451 2518 644 2573 lascive,
680 2516 814 2577 cupis
849 2515 1052 2560 volitare
1087 2526 1172 2573 per
1206 2526 1379 2555 auras:

207 2605 250 2661 Ι,
287 2605 425 2665 fuge3
461 2601 542 2647 sed
579 2605 767 2662 poteras
801 2596 955 2642 tutior
990 2609 1090 2640 esse
1125 2593 1266 2639 domi.
