1732 2959
107 102 168 147 48
660 101 1050 149 MARTJALIS

106 206 134 251 Ι
171 223 290 268 puer
326 216 375 252 et
410 223 517 253 caro
552 209 711 269 perfer
745 208 851 254 leve
886 224 1062 255 munus
1097 211 1265 267 amico,

173 287 270 343 Qui
305 288 483 333 meruit
517 304 669 349 nugas
705 289 890 348 primus
923 288 1100 335 habere
1134 306 1275 336 meas.

108 367 273 424 Curre,
312 369 394 414 sed
429 369 725 414 instructus:
774 369 1034 415 comitetur
1070 370 1255 416 Pum'ca
1289 371 1468 417 librum
1562 388 1585 434 5

174 448 416 510 Spongia:
464 449 747 495 muneribus
783 450 1012 495 convenit
1047 450 1132 497 illa
1167 452 1298 498 meis.

109 528 223 574 Non
258 535 459 590 possunt
493 536 684 576 nostros
719 529 915 587 multae,
956 531 1204 589 Faustine,
1244 532 1421 578 liturae

175 609 446 655 Emendare
480 610 638 655 iocos2
686 626 786 655 una
820 610 970 656 litura
1005 616 1174 671 potest.

805 774 898 818 XI.

175 880 306 925 Dum
342 879 549 924 nimium
586 895 711 924 vano
746 879 1040 925 tumefactus
1074 879 1270 925 nomine
1305 879 1483 940 gaudes

241 959 308 1004 Et
344 959 664 1005 Saturninum
699 965 749 1005 te
784 960 936 1021 pudet
970 975 1085 1018 esse,
1123 960 1280 1018 miser,

175 1040 335 1101 Impia
371 1039 630 1085 Parrhasia
664 1040 861 1085 movisti
895 1040 1025 1086 bella
1060 1040 1150 1085 sub
1183 1055 1308 1098 ursa,

243 1119 419 1175 Qualia
453 1121 537 1182 qui
574 1120 780 1166 Phariae
816 1121 1032 1182 coniugis
1068 1137 1201 1166 arma
1236 1120 1365 1165 tulit.

177 1201 502 1247 Excideratne
538 1201 658 1246 adeo
694 1203 849 1246 fatum
885 1201 977 1246 tibi
1013 1201 1222 1246 nominis
1258 1200 1415 1257 huius,
1563 1216 1585 1261 5

241 1280 419 1326 Obruit
454 1281 653 1326 Actiaci
688 1281 818 1343 quod
855 1281 1016 1342 gravis
1051 1282 1125 1326 ira
1160 1280 1307 1326 freti?

175 1362 261 1407 An
296 1362 389 1407 tibi
422 1362 647 1423 promisit
682 1362 885 1408 Rhenus
920 1363 1047 1424 quod
1083 1378 1182 1408 non
1217 1361 1352 1407 dedit
1385 1361 1457 1406 illi

242 1442 402 1497 Nilus,
441 1447 491 1487 et
527 1443 723 1488 Arctois
759 1443 869 1504 plus
904 1442 1121 1488 licuisset
1154 1443 1325 1503 aquis?

176 1521 268 1567 Ille
304 1523 452 1568 etiam
486 1523 664 1569 nostris
700 1523 952 1568 Antonius
986 1523 1161 1578 occidit
1195 1522 1352 1581 armis,

247 1601 342 1658 Qui
377 1603 469 1648 tibi
506 1603 722 1661 collatus,
762 1602 955 1664 perfide,
996 1602 1172 1648 Caesar
1206 1609 1321 1647 erat.
1534 1617 1589 1646 10

776 1751 930 1797 XIII.
977 1752 1017 1772 *s

179 1859 397 1918 Claudia,
438 1859 581 1917 Rufe,
619 1875 724 1904 meo
760 1860 902 1905 nubit
939 1860 1200 1921 Peregrina
1237 1861 1477 1906 Pudenti:

247 1940 410 1986 Macte
446 1946 548 1986 esto
583 1941 750 2000 taedis,
790 1958 817 1987 o
855 1942 1155 2002 Hymenaee,
1192 1943 1302 1988 tuis.

181 2020 300 2065 Tam
336 2020 457 2066 bene
492 2037 601 2067 rara
636 2038 722 2067 suo
757 2022 1023 2068 miscentur
1057 2023 1280 2069 cinnama
1313 2024 1475 2081 nardo,

248 2101 460 2147 Massica
495 2102 690 2148 Theseis
726 2108 826 2147 tam
862 2104 983 2149 bene
1018 2103 1134 2148 vina
1168 2104 1319 2161 favis,

181 2182 285 2228 Nec
319 2183 492 2228 melius
526 2183 708 2228 teneris
741 2182 1016 2243 iunguntur
1050 2183 1233 2228 vitibus
1269 2183 1401 2240 uImi,
1565 2198 1587 2243 5

248 2261 354 2307 Nec
388 2261 498 2322 plus
532 2260 657 2307 lotos
692 2277 852 2322 aquas,
892 2262 1038 2307 litora
1072 2268 1262 2321 myrtus
1297 2267 1439 2307 amat.

181 2341 400 2388 Candida
433 2347 665 2402 perpetuo
701 2341 868 2398 reside,
907 2341 1186 2398 Concordia,
1223 2340 1358 2397 lecto,

248 2421 461 2481 Tamque
496 2420 601 2481 pari
637 2435 823 2481 semper
858 2420 922 2466 sit
958 2419 1129 2465 Venus
1165 2435 1316 2480 aequa
1351 2421 1475 2482 iugo.

184 2501 371 2562 Diligat
405 2500 490 2546 flla
524 2515 685 2545 senem
720 2501 975 2560 quondam,
1014 2500 1094 2545 sed
1133 2505 1181 2545 et
1215 2500 1319 2560 ipsa
1353 2501 1527 2546 marito

247 2581 369 2626 Tum
405 2596 595 2642 quoque
629 2596 738 2625 cum
773 2580 935 2635 fuerit,
973 2596 1068 2625 non
1106 2580 1331 2625 videatur
1366 2597 1500 2626 anus.
1535 2596 1591 2627 10
