1732 2959
436 926 506 978 M.
557 927 717 978 VAL.
769 926 1177 979 MARTIALIS

324 1090 1262 1154 EPIGRAMMATON

601 1268 843 1317 LIBER
894 1268 988 1316 IX.

57 1485 214 1545 ΝΟΤΕ,
252 1485 365 1531 lieet
398 1484 537 1543 noliS,
575 1484 773 1530 sublimi
807 1488 998 1546 pectore
1032 1490 1180 1541 vates,

125 1564 217 1610 Oui
250 1564 425 1610 referet·1
459 1579 592 1609 serus
626 1563 839 1625 praemia
873 1563 1018 1624 digna
1052 1563 1188 1620 cinis,

57 1644 168 1690 Hoc
200 1643 295 1689 tibi
329 1644 417 1689 sub
451 1648 614 1689 nostra
646 1644 794 1689 breve
827 1659 1022 1690 carmen
1056 1645 1269 1706 imagine
1303 1645 1455 1702 vivat,

123 1721 281 1779 Quam
315 1738 413 1768 non
447 1722 661 1768 obscuris
694 1722 869 1784 iungis,
907 1723 1073 1780 Avite,
1111 1723 1258 1772 viris:

55 1803 148 1850 Ille
185 1819 266 1864 eqo
298 1819 407 1850 sum
438 1802 567 1849 ‘nulli
600 1819 847 1863 nuyarum
881 1803 1022 1850 laude
1056 1804 1303 1863 secundus,
1509 1819 1532 1866 5

125 1882 273 1940 Quem
305 1899 402 1929 non
436 1882 645 1939 miraris,
684 1883 766 1929 sed
789 1890 924 1943 puto,
964 1883 1115 1936 lector,
1152 1900 1300 1930 amas.

57 1963 267 2010 Maiores
300 1963 486 2010 maiora
520 1970 682 2009 sonent
700 1980 716 2010 .·
751 1963 874 2009 mihi
902 1979 1060 2023 parva
1093 1963 1245 2010 locuto

122 2042 306 2103 Sufficit
339 2043 394 2088 in
427 2050 602 2090 vestras
635 2059 768 2104 saepe
800 2042 955 2089 redire
987 2060 1173 2090 manus.

154 2174 279 2233 Ave,
306 2173 375 2219 mi
402 2174 595 2232 Torani,
620 2173 776 2221 frater
809 2176 1066 2223 carissime.
1139 2177 1465 2238 Epigramma,

55 2253 183 2314 quod
208 2258 347 2300 extra
380 2255 596 2302 ordinem
632 2257 918 2318 paginarum
954 2262 1040 2311 est,
1076 2258 1140 2303 ad
1175 2257 1465 2303 Stertinium

54 2333 371 2380 clarissimum
406 2336 567 2382 virum
600 2336 892 2399 scripsimus,
920 2339 1004 2399 qui
1026 2338 1284 2400 imaginem
1310 2354 1467 2384 meam

54 2430 232 2476 ponere
261 2415 315 2460 in
347 2415 641 2463 bibliotheca
674 2433 761 2463 sua
793 2417 962 2464 voluit.
1037 2417 1113 2464 De
1143 2433 1239 2479 quo
1263 2417 1468 2463 seriben-

55 2494 171 2539 dum
216 2493 308 2539 tibi
353 2495 538 2556 pussavi‚
586 2511 648 2542 ne
693 2496 952 2557 ignorares,
995 2497 1180 2543 Avitus
1221 2497 1314 2543 iste
1359 2496 1467 2558 quis
1505 2512 1530 2560 5

55 2579 318 2620 vocaretur.
390 2574 518 2621 Vale
541 2581 590 2621 et
614 2592 730 2637 para
752 2575 1030 2638 hospitium.
