1732 2959
140 104 229 150 126

687 101 1076 148 MARTJALIS

813 260 913 306 III.

261 382 649 428 Vernaculorum
684 383 825 438 dicta,
865 382 1111 428 sordidum
1149 381 1354 439 dentem,

262 464 329 510 Et
363 463 503 509 foeda
535 463 730 524 linguae
763 463 938 523 probra
972 461 1297 516 circulatricis,

263 543 398 598 Quae
432 542 718 602 sulphurato
752 541 876 586 nolit
911 547 1073 602 empta
1107 546 1327 586 ramento

264 622 581 667 Vatiniorum
617 627 882 682 proxeneta
916 623 1193 677 fractorum,

264 702 416 748 Poeta
450 701 648 761 quidam
682 700 1001 747 clancularius
1036 701 1219 761 spargit
1587 714 1609 760 5

264 782 331 828 Et
364 781 468 827 volt
502 780 658 826 videri
694 785 869 826 nostra.
943 780 1111 826 Credis
1145 780 1246 834 hoc,
1285 779 1461 835 Prisce,

264 863 398 909 Voce
432 868 489 906 ut
523 862 753 923 loquatur
787 861 1022 922 psittacus
1059 860 1317 906 coturnicis

265 941 333 988 Et
367 942 673 1002 concupiscat
707 956 809 986 esse
845 939 1006 986 Canus
1041 939 1280 985 ascaules‘l

267 1021 442 1067 Procul
476 1037 506 1067 a
540 1020 716 1066 libellis
750 1020 890 1080 nigra
924 1020 988 1064 sit
1021 1019 1141 1064 meis
1176 1018 1318 1076 fama,

267 1099 399 1155 Quos
434 1115 600 1145 rumor
633 1099 742 1144 alba
775 1113 1019 1158 gemmeus
1054 1097 1189 1142 vehit
1223 1097 1382 1157 pinna.
1561 1113 1615 1142 10

268 1179 368 1225 Cur
401 1195 488 1241 ego
522 1179 736 1225 laborem
771 1183 916 1224 notus
951 1192 1052 1223 esse
1085 1182 1188 1222 tam
1222 1192 1382 1236 prave,

270 1259 503 1305 Constare
537 1259 689 1320 gratis
724 1275 832 1304 cum
870 1256 1119 1302 silentium
1154 1256 1333 1317 possit?

812 1433 935 1479 VII.

268 1560 612 1621 Nympharum
646 1564 784 1619 pater
818 1553 1142 1616 amniumque,
1181 1554 1366 1610 Rhene,

271 1639 560 1700 Quicunque
596 1638 827 1697 Odrysias
861 1637 1038 1682 bibunt
1071 1634 1283 1696 pruinas,

270 1722 348 1768 Sic
383 1735 569 1781 semper
603 1717 800 1779 liquidis
834 1716 1011 1761 fruaris
1046 1714 1202 1771 undis,

270 1802 376 1848 Nec
410 1805 460 1845 te
494 1800 698 1844 barbara
733 1794 1065 1843 contumeliosi

270 1879 520 1926 Calcatum
554 1884 660 1923 rota
695 1880 912 1922 conterat
945 1873 1167 1931 bubulci,
1587 1887 1609 1932 5

271 1958 348 2004 Sic
383 1963 432 2004 et
467 1957 691 2002 cornibus
726 1954 882 2001 aureis
916 1952 1119 2014 receptis

270 2038 337 2084 Et
372 2037 623 2082 Romanus
658 2052 736 2082 eas
770 2040 976 2095 utraque
1010 2034 1138 2093 ripa:

270 2120 532 2165 Traianum
566 2119 757 2180 populis
792 2118 889 2163 suis
924 2122 974 2163 et
1005 2115 1129 2173 urbi,

270 2199 429 2245 Tibris
463 2204 511 2244 te
547 2199 770 2243 dominus
805 2201 956 2257 rogat,
992 2194 1224 2241 remittas.

799 2364 954 2411 XIII.

208 2488 331 2534 Cum
368 2487 728 2534 cathedralicios
765 2489 925 2546 portet
958 2484 1050 2529 tibi
1086 2483 1198 2528 reda
1238 2482 1483 2526 ministros

274 2567 340 2612 Et
374 2567 525 2627 Libys
559 2567 611 2610 in
645 2565 786 2626 longo
822 2564 1019 2625 pulvere
1053 2562 1194 2608 sudet
1228 2575 1384 2620 eques,
