1732 2959
747 133 878 181 ΜΒ.
927 134 987 179 X.
1359 206 1364 210 ³
1494 140 1586 188 129

176 246 410 307 Spargere
444 262 542 293 non
577 246 717 292 licuit
751 247 981 309 frigentia
1016 250 1210 296 fletibus
1245 266 1343 310 ora,
1562 268 1586 316 5

240 327 450 388 Pinguia
483 343 572 373 nec
605 329 801 374 maestis
835 329 1010 376 addere
1046 337 1157 376 tura
1191 333 1329 393 rogis.

174 405 270 452 Sed
305 407 449 453 datur
483 413 680 453 aeterno
714 409 958 455 victurum
995 411 1205 457 carmine
1241 427 1433 457 munus.

240 487 496 549 Numquid
532 493 580 534 eb
614 488 715 545 hoc,
753 487 905 534 fallax
941 490 1070 548 Nile,
1108 506 1283 551 negare
1319 493 1488 552 potes?

708 740 812 785 XX
821 741 971 788 VIII.

169 903 430 948 Annorum
464 902 706 963 nitidique
741 912 872 949 sator
906 905 1226 965 pulcherrime
1260 908 1442 966 mundi,

234 979 436 1026 Publica
471 996 613 1041 quem
648 981 856 1042 primum
893 987 1009 1028 vota
1042 999 1300 1045 precesque
1334 992 1521 1044 vocant,

166 1057 371 1105 Pervius
407 1060 605 1121 exiguos
639 1060 893 1107 habitabas
928 1068 1041 1107 ante
1077 1069 1288 1123 penates,

233 1139 452 1185 Plurima
486 1156 582 1201 qua
616 1140 826 1186 medium
864 1141 1023 1188 Roma
1057 1143 1248 1189 terebat
1282 1144 1389 1191 iter.

166 1219 313 1265 Nunc
348 1225 433 1265 bua
469 1219 713 1267 Caesareis
748 1221 1010 1281 cinguntur
1043 1222 1214 1269 limina
1248 1224 1401 1284 donis,
1553 1239 1579 1287 5

232 1299 298 1344 Et
331 1299 436 1345 fora
472 1304 546 1345 tot
581 1316 820 1358 numeras,
861 1302 991 1358 Iane,
1031 1307 1150 1364 quot,
1189 1319 1273 1349 ora
1306 1305 1445 1365 geris.

163 1379 238 1424 At
271 1385 340 1435 tu,
379 1385 540 1425 sanciae
574 1385 724 1441 pater,
762 1386 901 1427 tanto
936 1397 1023 1443 pro
1059 1399 1258 1429 munere
1293 1390 1473 1445 gratus,

230 1458 407 1505 Ferrea
442 1466 676 1521 perpe‘oua
711 1460 922 1506 claustra
956 1466 1093 1508 tuere
1129 1479 1244 1509 sera.

746 1711 920 1758 XXX.

227 1868 269 1915 O
305 1875 597 1931 temperatae
633 1870 771 1916 dulce
807 1871 1030 1917 Formiae
1065 1872 1196 1931 litus,

226 1948 344 2007 Vos,
384 1965 492 1995 cum
527 1950 682 1995 severi
715 1949 844 2011 fugit:
878 1951 1109 2012 oppidum
1145 1954 1322 2000 Martis

227 2028 293 2074 Εῢ
326 2029 568 2090 inquietas
603 2029 756 2083 fessus
791 2031 929 2076 exuit,
964 2048 1116 2090 curas,

225 2108 526 2168 Apollinaris
560 2111 782 2156 omnibus
818 2110 932 2156 locis
968 2111 1190 2171 praefert.

226 2187 341 2232 Non
376 2188 457 2234 ille
492 2200 684 2235 sanctae
719 2190 855 2235 dulce
891 2191 1045 2237 Tibur
1078 2194 1256 2253 uxoris,
1543 2211 1568 2259 5

224 2266 328 2313 Nec
362 2268 655 2315 Tusculanos
690 2270 955 2330 Algidosve
992 2287 1212 2330 secessus,

223 2345 482 2392 Praeneste
516 2363 604 2393 nec
639 2348 706 2394 sic
740 2349 1047 2411 Anbiumque
1080 2352 1298 2398 miratur.

223 2425 337 2470 Non
369 2426 547 2473 blanda
583 2427 719 2474 Circe
754 2429 1057 2476 Dardanisve
1095 2431 1262 2478 Caieta

222 2502 585 2563 Desiderantur,
621 2522 710 2553 nec
745 2507 933 2554 Marica
965 2525 1054 2555 nec
1089 2510 1232 2568 Liris,

220 2581 325 2628 Nec
359 2583 412 2628 in
446 2584 656 2631 Lucrina
689 2586 789 2632 lota
824 2587 1053 2634 Salmacis
1087 2605 1221 2636 vena.
1507 2608 1565 2638 10

224 2688 273 2720 M.
1403 2684 1430 2729 9
