1732 2959
88 129 150 174 54

633 119 1024 169 MARTIALIS

287 236 466 281 Parcae
500 233 674 279 cistula
709 247 807 276 non
843 246 994 290 capax
1029 228 1198 285 olivae,

287 315 353 360 Et
388 329 544 360 crasso
579 311 715 373 figuli
750 310 903 371 polita
937 308 1069 355 caelo

287 393 570 456 Septenaria
604 390 845 452 synthesis
882 388 1098 450 Sagunti,
1509 396 1562 442 15

288 477 539 537 Hispanae
574 475 759 520 luteum
795 478 928 518 rotae
964 479 1182 516 toreuma

288 557 353 602 Et
387 557 487 601 lato
522 554 709 600 variata
743 567 917 613 mappa
951 551 1099 597 clavo.

287 635 567 683 Saturnalia
601 633 921 679 fructuosiora

287 715 450 761 Annis
485 730 583 759 non
618 712 791 758 habuit
827 711 990 756 decem
1027 708 1258 754 Sabellus.

764 899 901 946 LIV.

157 1012 198 1059 O
234 1011 311 1058 cui
345 1012 570 1073 Tarpeias
606 1011 745 1057 licuit
779 1011 1057 1072 contingere
1094 1025 1298 1071 quercus

226 1091 293 1138 Et
326 1093 525 1138 meritas
559 1092 715 1153 prima
751 1092 939 1152 cingere
974 1091 1146 1137 fronde
1181 1106 1351 1149 comas,

157 1171 209 1216 Si
244 1171 382 1232 sapis,
422 1171 576 1216 utaris
610 1171 741 1228 totis,
781 1170 980 1227 CoHine,
1020 1170 1189 1215 diebus

224 1250 608 1311 Extremumque
643 1250 734 1295 tibi
770 1265 956 1310 semper
989 1249 1153 1294 adesse
1187 1253 1341 1309 putes.

158 1331 396 1376 Lanificas
430 1330 555 1376 nulli
588 1335 686 1376 tres
721 1346 918 1375 exorare
953 1328 1138 1390 puellas
1542 1342 1564 1388 5

225 1409 471 1470 Contigit:
518 1411 776 1455 observant
810 1425 951 1470 quem
988 1414 1202 1454 statuere
1237 1408 1375 1453 diem.

159 1488 376 1534 Divitior
412 1488 595 1550 Crispo,
633 1488 844 1534 Thrasea
878 1488 1178 1534 constantior
1211 1487 1315 1548 ipso

226 1567 429 1613 Lautior
463 1573 513 1613 et
547 1568 704 1613 nitido
739 1569 803 1613 sis
840 1567 1044 1612 Meliore
1080 1567 1222 1612 licet:

159 1648 244 1693 Nil
279 1649 427 1693 adicit
459 1664 607 1709 penso
645 1647 867 1692 Lachesis
902 1646 1129 1706 fusosque
1163 1661 1375 1692 sororum

226 1728 450 1790 Explicat
485 1734 533 1774 et
569 1744 757 1789 semper
791 1728 849 1773 de
883 1727 1043 1772 tribus
1078 1742 1176 1771 una
1210 1730 1349 1771 secat.
1514 1741 1568 1769 10

782 1917 887 1961 LV.

292 2032 425 2089 Luci,
463 2032 617 2093 gloria
652 2036 924 2091 temporum
959 2035 1167 2084 tuorum,

295 2111 392 2168 Qui
426 2110 603 2157 Gaium
640 2115 851 2154 veterem
886 2109 1166 2168 Tagumque
1201 2111 1418 2152 nostrum

292 2190 442 2251 Arpis
478 2190 641 2235 cedere
676 2205 775 2234 non
809 2188 928 2233 sinis
963 2187 1183 2232 disertis:

291 2270 503 2331 Argivas
538 2274 794 2330 generatus
828 2268 957 2312 iuter
992 2267 1134 2312 urbes

290 2351 478 2396 Thebas
513 2349 724 2395 carmine
759 2352 923 2392 cantet
957 2352 1006 2390 et
1041 2344 1284 2404 Mycenas,
1545 2357 1566 2402 5

298 2432 406 2475 Aut
440 2429 616 2475 claram
653 2428 861 2474 Rhodon
897 2432 984 2471 aut
1018 2425 1304 2470 libidinosae

292 2508 503 2554 Ledaeas
538 2507 921 2553 Lacedaemonos
955 2505 1230 2565 palaestras

292 2588 395 2635 Nos
430 2588 580 2635 Celtis
613 2587 800 2648 genitos
836 2591 884 2631 et
919 2601 979 2630 ex
1014 2584 1218 2630 Hiberis
