1732 2959
149 125 211 170 64
643 120 1033 168 MARTIALIS

281 235 366 280 Bis
408 235 647 280 excitatus
691 239 860 293 terque
902 232 1157 278 transtulit
1194 237 1364 289 castra,

282 315 345 360 Et
385 315 515 360 inter
554 314 682 374 ipsas
723 328 876 373 paene
915 313 1091 358 tertius
1133 312 1271 357 sellas

281 393 399 439 Post
440 393 713 452 Gaiumque
753 391 1056 452 Luciumque
1097 390 1325 436 consedit.
1601 404 1625 450 5

281 472 426 517 Illinc
466 471 652 517 cucullo
692 470 927 531 prospicit
968 476 1112 531 caput
1149 475 1307 515 tectus

281 553 526 612 Oculoque
563 551 702 597 ludos
739 556 926 612 spectat
967 551 1193 596 indecens
1234 565 1343 594 uno.

280 632 346 677 Et
382 632 495 677 hinc
535 632 679 676 miser
721 631 933 676 deiectus
971 631 1023 676 in
1065 633 1191 676 Viam
1235 633 1426 689 transit,

281 712 613 772 Subsellioque
650 711 928 757 semifultus
966 717 1184 757 extremo

282 793 347 837 Et
385 792 508 837 male
549 797 770 852 receptus
808 792 961 837 altero
999 808 1126 852 genu
1165 792 1328 849 iactat,
1572 809 1628 838 10

281 872 452 933 Equiti
493 872 656 917 sedere
694 872 928 932 Le'itoque
971 888 1020 917 se
1061 877 1200 918 stare.

818 1111 965 1156 XIX.
1016 1095 1071 1153 lx

147 1224 199 1271 Si
233 1241 329 1286 qua
363 1225 482 1271 fides
516 1225 656 1281 veris,
692 1225 934 1286 praeferri,
972 1225 1182 1270 maxime
1219 1225 1405 1282 Caesar,

211 1306 527 1367 Temporibus
561 1311 765 1367 possunt
801 1306 989 1351 saecula
1023 1306 1159 1350 nulla
1193 1305 1302 1351 tuis.

146 1386 351 1442 Quando
387 1386 538 1446 magis
573 1385 743 1447 dignos
779 1385 918 1430 licuit
953 1390 1166 1446 spectare
1200 1385 1509 1446 triumphostt

212 1466 417 1522 Quando
453 1466 668 1511 Palatini
703 1466 812 1527 plus
849 1482 1065 1511 meruere
1101 1466 1212 1511 dei?

146 1545 403 1591 Pulchrior
437 1551 485 1591 et
519 1546 672 1591 maior
707 1562 802 1607 quo
837 1546 927 1591 sub
963 1546 1082 1591 duce
1118 1545 1302 1592 Martia
1337 1546 1529 1591 Roma?
1601 1559 1624 1606 5

212 1623 311 1669 Sub
346 1639 441 1684 quo
476 1623 674 1669 libertas
711 1624 927 1684 principe
962 1630 1100 1669 tanta
1134 1624 1262 1670 fuit?

147 1704 237 1750 Est
270 1709 433 1748 tamen
462 1704 550 1749 hoc
585 1703 777 1761 vitium,
814 1705 895 1750 sed
926 1720 1025 1749 non
1053 1704 1172 1760 leve,
1211 1704 1276 1749 sit
1311 1704 1424 1749 licet
1462 1720 1626 1760 unum,

212 1785 353 1841 Quod
389 1785 502 1830 colit
535 1785 751 1846 ingratas
787 1800 969 1846 pauper
1002 1784 1247 1830 amicitias.

146 1864 267 1920 Quis
301 1865 507 1926 largitur
542 1882 654 1926 opes
689 1866 843 1910 veteri
879 1865 1070 1926 fidoque
1107 1865 1271 1921 sodali,

211 1946 320 1991 Aut
355 1961 494 2007 quem
533 1946 842 2006 prosequitur
875 1962 975 1990 non
1009 1945 1195 1990 alienus
1231 1946 1412 2006 eques?
1571 1961 1627 1989 10

146 2025 495 2072 Saturnaliciae
530 2025 729 2087 ligulam
765 2026 950 2071 misisse
986 2026 1186 2071 selibrae

213 2106 559 2152 Flammarisve
595 2111 734 2165 togae
769 2105 979 2165 scripula
1013 2110 1118 2150 tota
1151 2104 1315 2149 decem

147 2187 366 2234 Luxuria
399 2195 484 2243 est,
521 2185 795 2245 tumidique
830 2190 1007 2230 vocant
1041 2184 1158 2229 haec
1193 2200 1396 2229 munera
1431 2199 1592 2245 reges:

213 2267 312 2323 Qui
346 2272 507 2327 crepet
541 2266 773 2319 aureolos,
811 2265 1014 2310 forsitan
1049 2280 1176 2310 unus
1212 2264 1316 2311 erit.

145 2348 398 2403 Quatenus
432 2346 485 2391 hi
519 2361 616 2390 non
653 2351 781 2402 sunt,
815 2350 916 2390 esto
951 2349 1021 2401 tu,
1061 2343 1246 2401 Caesar,
1284 2345 1492 2391 amicus:
1571 2358 1623 2407 15

211 2427 365 2473 Nulla
400 2426 534 2473 ducis
569 2426 725 2471 virtus
761 2425 945 2470 dulcior
980 2440 1081 2470 esse
1116 2429 1285 2485 potest.

146 2507 254 2552 Iam
288 2506 469 2551 dudum
504 2506 653 2550 tacito
688 2504 828 2562 rides,
868 2503 1165 2560 Germanice,
1204 2518 1347 2549 naso:

214 2588 353 2634 Utile
389 2586 516 2648 quod
550 2587 700 2642 nobis,
736 2586 796 2631 do
832 2585 922 2630 tibi
959 2583 1225 2629 consilium.
