1732 2959
144 72 230 118 104
669 76 1059 124 MARTIALLS'

140 174 230 221 Sed
269 175 405 223 cuius
440 184 705 225 tremerent
740 181 834 242 ipsi
868 198 1058 244 quoque
1092 183 1201 230 iura
1235 185 1407 245 leones,

205 254 296 300 Cui
331 255 553 302 diadema
587 259 724 304 daret
759 275 998 307 marmore
1032 262 1163 323 picta
1198 263 1398 311 Nomas.

139 332 180 377 O
216 342 455 394 quantum
489 352 576 398 per
610 338 732 383 colla
767 338 924 396 decus,
963 356 1107 402 quem
1142 344 1317 404 sparsit
1350 345 1584 392 honorem

201 414 368 459 Aurea
403 415 613 474 lunatae,
652 433 760 463 cum
796 419 948 478 stetit,
987 422 1160 467 umbra
1195 424 1366 470 iubae!
1559 444 1614 472 10

138 492 353 540 Grandia
389 511 533 556 quam
569 497 732 543 decuit
765 499 921 545 latum
957 504 1196 548 venabula
1230 510 1395 565 pectus

202 573 494 636 Quantaque
529 576 588 622 de
622 593 796 639 magna
829 581 1007 641 gaudia
1041 590 1197 629 morte
1234 585 1379 631 tulit!

136 654 283 702 Unde
317 655 429 710 tuis,
466 656 633 718 Libye,
671 665 770 704 tam
806 660 924 706 felix
959 662 1112 722 gloria
1147 663 1317 711 silvis‘l

199 735 251 780 A
287 733 488 795 Cybeles
522 739 760 799 numquid
797 748 998 787 venerat
1032 743 1116 789 ille
1150 744 1294 806 iugo?

133 815 218 860 An
252 815 404 876 magis
439 816 696 878 Herculeo,
737 819 1036 880 Germanice,
1075 823 1207 870 misit
1241 826 1302 870 ab
1337 834 1467 871 astro
1557 842 1609 887 15

199 895 344 941 Hanc
377 896 472 942 tibi
505 898 584 944 vel
618 899 781 960 frater,
819 901 898 946 vel
932 908 1070 963 pater
1104 904 1204 966 ipse
1239 905 1427 953 feram?

796 1050 955 1098 LXV.

132 1152 232 1198 Hic
267 1152 353 1199 ubi
386 1153 632 1201 Fortunae
667 1156 880 1205 Reducis
915 1161 1151 1222 fulgentia
1184 1161 1282 1208 late

196 1232 394 1295 Templa
427 1235 600 1294 nitent,
639 1237 759 1283 felix
793 1254 906 1285 area
940 1257 1096 1302 nuper
1131 1249 1265 1300 erat3

130 1311 231 1359 Hic
265 1313 404 1360 stetit
438 1315 611 1362 Arctoi
645 1316 884 1365 formosus
919 1320 1117 1381 pulvere
1152 1322 1267 1369 belli

197 1391 507 1454 Purpureum
541 1395 749 1443 fundens
786 1399 963 1446 Caesar
997 1403 1056 1447 ab
1092 1418 1174 1449 ore
1207 1404 1350 1451 iubar
1368 1423 1379 1463 ;

130 1473 230 1521 Hic
264 1475 404 1521 lauru
439 1476 665 1523 redimita
699 1494 857 1525 comas
893 1486 941 1526 et
976 1482 1182 1529 candida
1216 1484 1351 1530 cultu
1583 1500 1605 1547 5

195 1554 354 1600 Roma
387 1555 619 1601 salutavit
654 1572 769 1603 voce
807 1574 1050 1621 manuque
1085 1561 1240 1608 deum.

129 1633 324 1680 Grande
358 1634 451 1680 loci
484 1637 714 1684 meritum
749 1643 997 1685 testantur
1031 1645 1080 1685 et
1115 1641 1269 1687 altera
1304 1642 1459 1689 dona:

194 1712 302 1759 Stat
336 1729 468 1760 sacer
501 1721 551 1760 et
585 1716 781 1763 domitis
815 1718 1042 1778 gentibus
1075 1735 1216 1765 arcus
1250 1726 1376 1767 ovat.

127 1790 228 1837 Hic
261 1793 444 1852 gemini
477 1809 647 1840 currus
679 1802 940 1842 numerant
973 1796 1232 1859 elephanta
1266 1799 1582 1862 frequentem,

192 1870 379 1918 Sufficit
412 1872 660 1920 immensis
694 1891 868 1922 aureus
902 1876 1004 1937 ipse
1039 1878 1176 1939 iugis.
1550 1898 1605 1927 10

128 1950 267 1998 Haec
302 1956 375 1998 est
408 1952 554 2014 digna
588 1953 700 2014 tuis,
741 1954 1039 2015 Germanice,
1077 1964 1218 2018 porta
1252 1958 1543 2020 triumphis3

194 2031 302 2078 Hos
335 2032 498 2079 aditus
533 2035 701 2080 urbem
738 2035 916 2081 Martis
951 2035 1129 2083 habere
1166 2037 1313 2085 decet.

762 2186 953 2234 LXVI.

357 2303 585 2365 Augusto
619 2306 700 2367 pia
734 2312 846 2353 tura
880 2308 1199 2370 victimasque

357 2382 453 2429 Pro
488 2389 650 2430 vestro
686 2384 797 2430 date
835 2385 966 2443 Silio,
1007 2386 1257 2434 Camenae.

356 2462 441 2509 Bis
477 2479 613 2510 senos
646 2465 783 2512 iubet
817 2482 877 2512 en
912 2467 1068 2513 redire
1103 2467 1266 2521 fasces,

356 2542 489 2589 Nato
525 2545 731 2603 consule,
770 2546 1017 2608 nobilique
1052 2547 1188 2609 virga
