1732 2959
114 127 205 173 160
659 130 1053 180 MARTIALIS

108 235 222 281 Non
258 235 454 282 Albana
489 237 609 284 mihi
647 239 710 284 sit
744 240 1017 288 comissatio
1052 244 1192 300 tanti,

172 315 277 362 Nec
314 317 616 378 Capit-olinae
650 319 1029 382 pontificumque
1066 322 1223 384 dapes.
1533 343 1590 372 10

106 394 326 456 Imputet
360 398 461 458 ipse
497 397 613 443 deus
649 404 816 445 nectar
850 400 981 458 mihi,
1021 403 1106 447 fiet
1139 408 1343 460 acetum,

172 476 238 521 Et
272 476 505 524 Vaticani
539 478 723 539 perfida
757 496 916 542 vappa
949 482 1065 527 cadi.

106 554 346 601 Convivas
381 556 499 602 alios
533 573 760 603 cenarum
796 575 971 619 quaere
1005 562 1248 623 magister,

172 635 303 690 Quos
338 637 532 698 capiant
566 653 759 685 mensae
794 655 942 701 regna
977 642 1182 703 superba
1215 647 1340 689 tuae.

104 713 187 759 Me
222 730 357 760 meus
392 715 449 760 ad
488 715 672 762 subitas
706 717 885 764 invitet
920 719 1101 766 amicus
1136 721 1331 768 ofellas:
1530 739 1583 784 15

170 794 306 841 Haec
341 795 475 852 mihi,
515 811 659 857 quam
695 813 888 858 possum
925 799 1136 858 reddere,
1175 817 1291 847 cena
1326 802 1495 863 placet.

821 999 873 1046 L.

102 1132 412 1193 Daphnonas,
449 1134 738 1195 platanonas
774 1142 823 1182 et
858 1137 1012 1183 aerios
1047 1138 1273 1200 pityonas

167 1213 233 1259 Et
267 1230 365 1260 non
399 1215 546 1261 unius
581 1216 756 1261 balnea
791 1217 920 1262 solus
955 1217 1117 1275 habes,

99 1292 165 1338 Et
202 1293 291 1339 tibi
325 1295 541 1341 centenis
577 1301 676 1342 stat
713 1297 929 1357 porticus
965 1298 1065 1343 alta
1100 1299 1348 1358 columnis,

166 1374 485 1437 Calcatusque
521 1382 607 1423 tuo
644 1378 734 1423 sub
769 1378 890 1438 pede
926 1379 1055 1425 lucet
1090 1395 1220 1440 onyx
1240 1396 1252 1438 3

99 1452 486 1514 Pulvereumque
522 1456 669 1517 fugax
704 1456 1057 1518 hippodromon
1090 1459 1273 1519 ungula
1307 1458 1511 1520 plaudit,
1555 1475 1577 1520 5

165 1534 231 1580 Et
264 1535 513 1595 pereuntis
547 1552 699 1597 aquae
733 1538 910 1584 fluctus
945 1539 1141 1600 ubique
1161 1545 1311 1585 sonat.

97 1615 243 1660 Atria
277 1615 418 1676 longa
453 1622 624 1677 patent
643 1633 655 1676 3
701 1618 782 1663 sed
817 1634 903 1664 nec
939 1619 1224 1664 cenantibus
1260 1635 1477 1681 usquam,

163 1695 267 1740 Nec
301 1711 466 1742 sonmo
501 1696 633 1743 locus
668 1703 753 1744 est.
825 1698 983 1754 Quam
1017 1699 1139 1745 bene
1173 1715 1271 1745 non
1307 1699 1525 1746 habitas!

781 1904 895 1950 LII.

159 2034 394 2095 Tempora
429 2035 591 2080 Pieria
625 2036 796 2081 solitus
830 2036 1055 2082 redimire
1090 2052 1275 2093 corona,

225 2113 330 2160 Nec
364 2115 526 2160 minus
560 2114 785 2161 attonitis
819 2131 916 2160 vox
952 2116 1192 2162 celebrat-a
1225 2120 1332 2174 reis,

159 2193 258 2239 Hic
294 2194 415 2239 situs
450 2200 536 2251 est,
575 2194 652 2239 hic
685 2194 768 2240 ille
802 2201 931 2253 tuus,
971 2195 1266 2256 Sempronia,
1306 2195 1481 2254 Rufus,

226 2273 375 2319 Cuius
410 2278 460 2319 et
493 2274 594 2335 ipse
629 2275 703 2320 tui
738 2275 910 2338 flagrat
944 2292 1104 2322 amore
1139 2277 1270 2324 cinis.

159 2351 327 2398 Dulcis
360 2352 413 2398 in
449 2352 615 2412 Elysio
651 2354 861 2400 narraris
895 2354 1058 2400 fabula
1093 2371 1257 2415 campo
1543 2371 1567 2418 5

222 2431 288 2476 Et
322 2437 484 2492 stupet
518 2432 579 2478 ad
614 2438 782 2493 raptus
815 2433 1052 2493 Tyndaris
1087 2434 1191 2495 ipsa
1224 2440 1345 2481 tuos.

152 2512 224 2557 Tu
263 2512 444 2569 melior,
482 2529 603 2574 quae
639 2513 828 2559 deserto
863 2521 1055 2576 raptore
1090 2516 1290 2562 redisti:

221 2592 314 2637 Illa
348 2593 510 2638 virum
545 2592 705 2638 voluit
738 2609 825 2640 nec
860 2595 1068 2656 repetita
1103 2596 1252 2656 sequi.
