1732 2959
85 141 145 187 38

637 141 865 187 MART]
863 142 903 186 Α
911 142 985 187 LI
985 142 1022 188 S

182 247 408 310 Legenda
440 253 711 307 temporum
750 254 854 293 acta
893 223 1306 294 Claudianorum?

180 329 264 373 An
300 344 423 389 quae
458 327 644 373 Neroni
681 328 829 374 falsus
864 310 1315 389 asti·uit”scriptor‘3

183 408 267 453 An
303 408 575 453 aemulatur
609 408 817 468 improbi
853 409 978 453 iocos
1014 407 1261 456 Phaedri?

182 487 414 532 Lasci‘vus
451 487 597 547 elegis
633 503 694 531 an
730 502 925 532 severus
960 486 1150 533 herois?

182 567 266 611 An
302 567 354 611 in
390 566 641 612 cothurnis
675 566 900 612 horridus
938 566 1245 628 Sophocleis?

181 648 265 691 An
301 646 484 691 otiosus
521 646 571 690 in
606 645 768 691 schola
803 652 1053 707 poetarum

184 727 365 788 Lepore
399 726 578 772 tinctos
613 726 786 772 Attico
821 727 942 772 sales
962 729 1180 792 narrat?

182 807 316 852 Hinc
351 805 391 851 si
427 806 634 862 recessit,
672 806 912 867 porticum
947 791 1080 852 terit>
1099 805 1272 866 templi

181 887 265 931 An
300 886 458 947 spatia
492 885 647 946 carpit
681 886 843 931 lentus
878 886 1315 946 Argonautarum?

181 965 265 1008 An
300 963 533 1009 delicatae
568 964 666 1009 sole
705 979 874 1008 rursus
910 962 1134 1024 Europae

183 1046 323 1092 Inter
357 1050 577 1107 tepentes
612 1052 721 1106 post
756 1043 1006 1089 meridiem
1042 1045 1197 1089 buxos

182 1125 327 1171 Sedet
361 1125 640 1171 ambulatve
676 1125 798 1170 liber
832 1125 1023 1170 acribus
1058 1123 1217 1170 curis?

180 1206 342 1252 Titine
377 1206 580 1251 thermis
615 1221 679 1250 an
714 1205 908 1250 lavatur
942 1204 1193 1267 Agrippae

180 1287 263 1332 An
301 1286 535 1347 impudici
569 1285 742 1331 balneo
777 1285 1029 1346 Tigilliniz

181 1367 267 1412 An
301 1383 413 1412 rure
447 1366 579 1412 Tulli
614 1366 798 1412 fruitur
832 1372 978 1427 atque
1015 1365 1236 1412 Lucani?

183 1449 266 1493 An
302 1448 518 1494 Polionis
555 1447 694 1494 dulce
730 1446 884 1493 currit
919 1446 979 1491 ad
1015 1452 1241 1507 quartum
1268 1446 1284 1491 2

182 1528 267 1572 An
304 1533 584 1573 aestuantes
619 1527 716 1572 iam
751 1525 996 1588 profectus
1032 1525 1090 1572 ad
1128 1525 1271 1588 Baias

182 1607 328 1668 Piger
364 1606 575 1652 Lucrino
610 1606 905 1651 nauculatur
940 1605 993 1650 in
1028 1605 1232 1665 stagno?

187 1688 317 1733 “Vis
353 1688 472 1733 scire
508 1686 625 1748 quid
660 1692 773 1748 agat
809 1685 990 1732 Canius
1024 1685 1174 1730 tuus?
1245 1683 1438 1729 Ridet.⁷'

752 1862 900 1909 XXI.

187 1958 516 2019 Proscriptum
552 1956 764 2002 famulus
799 1956 1012 2002 servavit
1047 1955 1206 2001 fronte
1242 1958 1422 1999 notata.

253 2038 368 2084 Non
404 2038 498 2083 fuit
533 2037 649 2083 haec
684 2036 868 2082 domini
904 2036 1020 2095 vita,
1060 2035 1141 2081 sed
1177 2033 1375 2080 invidia.

743 2197 924 2244 XXII.

220 2294 448 2350 Dederas,
486 2291 647 2352 Apici,
684 2291 758 2336 bis
794 2289 1087 2336 trecentiens
1123 2287 1298 2343 ventri,

222 2374 286 2418 Et
321 2372 479 2418 adhuc
515 2375 764 2431 supererat
799 2369 1014 2415 centiens
1048 2367 1141 2413 tibi
1176 2366 1354 2412 laxum.

224 2453 334 2498 Hoc
370 2458 425 2496 tu
460 2454 691 2512 gravatus
726 2454 784 2494 ut
817 2448 993 2493 famem
1029 2455 1078 2492 et
1114 2445 1245 2492 sitim
1281 2445 1406 2491 ferre

221 2529 421 2574 Summa
458 2540 699 2571 venenum
736 2524 932 2584 potione
967 2521 1210 2584 perduxti.

219 2607 307 2654 Nil
343 2612 428 2663 est,
473 2604 627 2665 Apici,
667 2604 757 2649 tibi
797 2602 1011 2664 gulosius
1047 2601 1243 2647 factum.

1479 821 1534 850 10

1479 1619 1539 1648 20
