1732 2959
638 116 768 163 LIB.
829 112 971 161 VIII.
1459 113 1549 159 107

78 229 185 274 Hos
220 244 375 274 comes
411 226 652 273 invalidus
686 223 939 271 summissa
975 238 1089 268 voce
1123 227 1359 283 precatur,

143 306 220 352 Ut,
254 319 539 367 quocunque
577 303 741 360 velint,
778 317 950 362 corpus
983 301 1128 346 inane
1163 301 1331 346 ferant.

77 384 394 432 Permutatur
427 398 548 429 onus
583 382 858 443 stipataque
890 381 1082 427 tollitur
1112 380 1209 426 alte

145 463 355 510 Grandis
388 463 442 508 in
475 467 682 523 angusta
717 461 904 507 sarcina
937 460 1197 522 sandapila.

78 543 179 589 Hic
213 541 335 586 mihi
369 541 426 586 de
460 540 630 586 multis
664 555 804 598 unus,
843 539 1051 597 Lucane,
1088 539 1297 594 videtur,
1498 552 1550 598 15

143 621 236 668 Oui
268 620 441 667 merito
476 620 571 665 dici
608 623 840 665 “mortue
876 616 1058 664 Galle’'
1095 623 1262 679 potest.

661 821 969 869 LXXVIII.

78 957 210 1013 Quos
244 963 440 1018 cuperet
474 956 740 1018 Phlegraea
775 971 886 1002 suos
920 955 1126 1001 victoria
1160 955 1309 1011 ludos,

143 1036 314 1082 Indica
348 1052 468 1099 quos
503 1041 700 1098 cuperet
734 1051 922 1097 pompa,
960 1035 1132 1094 Lyaee‚
1171 1041 1292 1092 tuos,

79 1114 216 1160 Fecit
251 1114 562 1176 Hyperborei
595 1115 860 1161 celebrator
896 1114 1048 1160 Stella
1081 1113 1329 1174 triumphi,

144 1193 185 1240 O
221 1193 405 1254 pudor!
442 1210 470 1240 o
503 1194 690 1255 pietas!
725 1199 775 1240 et
808 1199 952 1255 putat
986 1209 1086 1240 esse
1120 1209 1303 1254 parum.

78 1272 195 1317 Non
227 1271 304 1317 illi
337 1272 455 1319 satis
490 1278 565 1319 est
598 1273 796 1319 turbato
831 1273 1052 1319 sordidus
1085 1288 1203 1318 auro
1529 1285 1552 1332 5

144 1353 360 1399 Hermus
395 1358 444 1398 et
479 1352 719 1414 Hesperio
754 1352 839 1414 qui
874 1358 1015 1398 sonat
1048 1352 1161 1398 orbe
1196 1352 1364 1412 Tagus.

77 1431 247 1477 Omnis
282 1431 427 1477 habet
461 1447 550 1477 sua
582 1431 710 1476 dona
743 1430 845 1477 dies
862 1448 874 1489 3
910 1447 998 1476 nec
1032 1431 1161 1476 linea
1195 1430 1328 1475 dives

144 1510 321 1568 Cessat,
357 1516 407 1557 et
441 1512 494 1557 in
527 1511 761 1572 populum
795 1510 951 1557 multa
985 1510 1155 1571 rapina
1190 1511 1331 1556 cadit.

77 1590 224 1637 Nunc
258 1591 465 1637 veniunt
498 1590 674 1636 subitis
707 1590 888 1637 lasciva
921 1591 1212 1637 nomismata
1245 1590 1437 1647 nimbis,

141 1672 289 1718 Nunc
323 1673 408 1718 dat
442 1678 678 1733 spectatas
712 1677 894 1718 tessera
928 1672 1063 1733 larga
1096 1671 1233 1727 feraS,
1498 1688 1556 1717 10

78 1751 224 1798 Nunc
262 1751 462 1813 implere
497 1751 630 1796 sinus
665 1766 855 1797 securos
889 1750 1070 1812 gaudet
1105 1755 1154 1796 et
1188 1750 1362 1797 absens

143 1832 358 1878 Sortitur
392 1831 626 1890 dominos,
662 1847 724 1877 ne
758 1831 1008 1887 laceretur,
1046 1830 1162 1876 avis.

76 1913 206 1970 Quid
244 1928 494 1958 numerem
535 1927 704 1956 currus
744 1915 821 1957 ter
854 1911 1073 1972 denaque
1107 1911 1320 1972 praemia
1354 1911 1555 1972 palmae,

141 1993 277 2049 Quae
310 1992 425 2038 dare
458 2007 557 2038 non
591 2007 778 2052 semper
812 1991 979 2037 consul
1014 1996 1219 2052 uterque
1256 1991 1410 2038 solet?

76 2069 252 2116 Omnia
286 2069 382 2126 sed,
421 2068 608 2126 Caesar,
644 2074 784 2114 tanto
819 2074 1114 2130 superantur
1147 2069 1342 2127 honore,
1500 2084 1552 2130 15

141 2150 280 2206 Quod
314 2155 630 2211 spectatorem
666 2157 713 2195 te
748 2155 835 2195 tua
870 2150 1038 2196 laurus
1071 2150 1231 2196 habet.

700 2367 918 2414 LXXX.

75 2506 359 2552 Sanctorum
397 2503 535 2548 nobis
571 2502 803 2548 miracula
835 2502 998 2548 reddis
1032 2517 1248 2558 avorum,

141 2583 243 2629 Nec
278 2582 472 2643 pateris,
512 2581 702 2639 Caesar,
740 2581 929 2627 saecula
963 2597 1083 2626 cana
1115 2580 1253 2637 mori,
