1732 2959
719 94 851 143 LIB.
901 95 977 144 II.
1526 102 1586 147 33

307 201 508 248 Mollem
542 202 788 248 debilitate
822 202 1143 263 galliambon:

308 278 424 323 Non
458 294 578 335 sum,
618 278 835 334 Classice‚
874 286 974 324 tam
1010 279 1165 324 malus
1200 286 1352 340 poeta.

1561 222 1584 268 υι

309 357 452 413 Quid,
490 358 530 402 si
566 374 652 418 per
685 358 883 418 graciles
918 359 1022 403 vias
1056 360 1246 419 petauri

306 436 530 481 Invitum
564 436 731 481 iubeas
765 437 927 481 subire
964 436 1167 483 Ladan'l

305 514 465 576 Turpe
500 520 572 560 est
608 515 824 560 difficiles
859 515 1032 561 habere
1067 532 1219 576 nugas

306 593 372 638 Et
407 593 586 638 stultus
622 593 757 638 labor
792 599 864 638 est
898 594 1205 655 ineptiarum.
1531 613 1586 642 10

306 671 496 718 Scribat
529 674 742 718 carmina
777 673 966 719 circulis
1003 674 1276 730 Palaemon,

307 751 393 797 Me
428 753 548 798 raris
583 753 722 798 iuvat
756 753 955 799 auribus
990 754 1187 815 placere.

796 916 902 964 XO.
941 942 980 961 s

106 1016 420 1074 Quintiliane,
458 1033 606 1078 vagae
641 1018 913 1063 moderator
947 1034 1131 1064 summe
1167 1019 1408 1077 iuventae,

173 1095 339 1142 Gloria
372 1096 636 1154 Romanae,
678 1097 995 1155 Quintiliane,
1035 1106 1186 1159 togae,

107 1175 288 1220 Viveie
324 1175 451 1236 quod
486 1191 687 1237 propero
722 1192 905 1238 paupei
941 1193 1026 1245 nec
1061 1178 1253 1224 inutilis
1287 1178 1440 1260 annis,

172 1255 251 1300 Da
285 1255 509 1302 veniam:
547 1262 772 1317 properat
806 1258 971 1303 vivere
1006 1273 1148 1302 nemo
1184 1258 1312 1305 satis.

107 1332 315 1399 Differat
347 1336 438 1382 hoc
472 1337 652 1397 patrios
687 1342 824 1397 optat
858 1339 942 1398 qui
976 1337 1170 1383 vincere
1205 1312 1436 1386 cefisffissz
1561 1353 1584 1399 5

171 1417 414 1478 Atriaque
446 1415 715 1461 immodicis
750 1422 879 1462 artat
911 1416 1215 1478 imaginibus.

105 1497 189 1543 Me
224 1498 356 1542 focus
391 1502 439 1541 et
473 1496 636 1556 nigros
671 1512 769 1541 non
803 1496 1110 1558 indignantia
1144 1498 1301 1542 fumos

167 1576 312 1621 Tecta
345 1562 520 1621 iuvant
554 1580 603 1620 et
637 1575 744 1620 fons
779 1576 922 1622 vivus
959 1582 1008 1621 et
1043 1576 1191 1621 herba
1224 1576 1370 1622 rudis.

104 1655 180 1701 Sit
214 1655 336 1701 mihi
369 1671 519 1701 verna
553 1661 700 1712 satur,
739 1655 805 1701 sit
838 1671 936 1700 non
972 1656 1247 1718 doctissima
1282 1657 1508 1713 coniunx,

173 1736 248 1782 Sit
282 1752 382 1782 nox
418 1752 528 1781 011111
563 1750 743 1791 80111110,
782 1735 846 1781 sit
881 1737 984 1782 sine
1011 1721 1118 1782 lite
1119 1719 1252 1784 dies.
1529 1753 1586 1784 10

766 1900 902 1947 XCI.

168 1994 353 2039 Rerum
388 1999 520 2040 certa
554 1994 697 2053 salus,
734 2000 975 2040 terrarum
1010 1995 1176 2056 gloria,
1214 1994 1404 2052 Caesar,

235 2075 423 2136 Sospite
457 2091 552 2136 quo
586 2091 784 2136 magnos
820 2076 1056 2121 credimus
1092 2091 1192 2121 esse
1226 2075 1351 2132 deOS‚

169 2155 223 2201 Si
255 2155 500 2202 festinatis
534 2156 714 2202 totiens
748 2156 840 2202 tibi
874 2156 999 2201 lecta
1032 2155 1209 2201 libellis

236 2237 502 2283 Detinuere
536 2237 697 2283 oeulos
731 2237 946 2282 carmina
980 2241 1145 2281 nostra
1178 2241 1301 2293 tuos,

168 2314 308 2370 Quod
343 2317 540 2362 fortuna
574 2321 710 2362 vetat
742 2315 860 2371 fieri,
898 2316 1124 2376 permitte
1160 2315 1328 2372 videri,
1557 2327 1582 2374 5

234 2394 477 2440 Natorum
513 2395 703 2460 genitor
737 2394 903 2440 credar
936 2399 994 2439 ut
1028 2409 1129 2439 esse
1163 2393 1326 2439 trium.

169 2473 319 2531 Haeo,
356 2473 397 2518 si
430 2463 687 2536 displicui?
704 2474 890 2520 fuerint
923 2473 1095 2519 solatia
1126 2472 1266 2517 nobis
1281 2489 1294 2530 3
1339 2536 1345 2538 ὴ

234 2550 372 2597 Haec
404 2552 587 2598 fuerint
620 2553 758 2598 nobis
793 2553 1017 2613 praemia,
1055 2552 1096 2597 si
1130 2549 1342 2612 placui.

235 2655 284 2688 M.
1421 2640 1449 2685 3
