1732 2959
135 118 161 163 2
675 107 1061 165 MARTJALIS

134 223 233 270 Hic
268 224 354 270 ubi
387 225 632 286 conspicui
667 225 958 271 venerabilis
995 226 1366 287 Amphitheatri
1587 242 1610 290 5

200 305 422 368 Erigitur
455 307 617 364 moles,
656 312 827 368 stagna
863 307 1074 353 Neronis
1109 313 1260 354 erant.

134 385 233 431 Hic
268 386 354 431 ubi
388 386 622 431 miramur
658 387 837 432 velocia
871 402 1073 433 munera
1108 387 1334 444 thermas,

199 465 488 510 Abstulerat
523 464 709 510 miseris
744 469 873 510 tecta
908 465 1141 526 superbus
1177 482 1301 527 ager.

134 546 339 593 Claudia
373 547 570 593 diffusas
606 547 689 592 ubi
724 547 937 607 porticus
974 548 1185 609 explicat
1221 549 1428 605 umbras,

200 626 394 674 Ultima
430 643 539 687 pars
574 626 713 672 aulae
749 626 1019 672 deficientis
1054 633 1170 673 erat.
1558 643 1614 673 10

135 707 349 754 Reddita
386 706 545 752 Roma
581 706 674 752 sibi
709 712 781 752 est
817 712 866 752 et
901 712 1017 752 sunt
1051 711 1101 752 te
1135 706 1364 768 pra‘eside,
1406 706 1590 764 Caesar,

200 786 414 832 Deliciae
450 787 629 848 populi,
669 803 790 848 quae
825 786 1022 833 fuerant
1063 787 1257 834 domini.

830 1103 921 1150 IV.

134 1222 297 1269 Turba
331 1222 493 1283 gravis
527 1224 633 1284 paci
668 1222 981 1285 placidaeque
1015 1223 1212 1269 inimica
1248 1223 1415 1285 quieti,

204 1302 337 1358 Quae
373 1318 561 1364 semper
594 1304 793 1349 miseras
828 1303 1122 1349 sollicitabat
1158 1319 1283 1364 opes,

133 1382 329 1428 Tradita
365 1382 599 1442 Gaetulis,
637 1399 724 1429 nec
760 1383 887 1444 cepit
922 1384 1106 1429 harena
1140 1389 1398 1430 nocentes:

200 1465 266 1511 Et
302 1465 486 1511 delator
520 1465 667 1511 habet
702 1465 831 1527 quod
867 1465 1015 1511 dabat
1051 1465 1265 1511 exilium.

786 1741 882 1799 IV,
908 1742 951 1790 b.

332 1864 361 1891 ἦε
499 1864 527 1891 ÷÷
665 1863 694 1890 -x-
831 1864 859 1890 ÷:-
997 1864 1025 1890 -κ-
1162 1863 1191 1890 -κ

135 1942 319 1988 Exulat
353 1942 577 1988 Ausonia
611 1942 843 2004 profugus
879 1942 1066 1988 delator
1100 1943 1161 1988 ab
1202 1941 1348 1987 urbe:

201 2022 338 2068 Haec
373 2022 486 2068 licet
519 2022 749 2084 impensis
784 2022 1015 2085 principis
1051 2036 1351 2068 annumeres.

835 2311 926 2357 VI.

140 2429 354 2491 Belliger
388 2430 584 2477 invictis
621 2431 749 2492 quod
785 2431 919 2477 Mars
959 2432 1047 2485 tibi
1082 2432 1233 2477 servit
1268 2433 1320 2477 in
1355 2433 1514 2489 armis,

205 2509 319 2556 Non
356 2510 474 2556 satis
508 2517 592 2569 est,
632 2511 818 2569 Caesar,
858 2512 1009 2558 servit
1045 2517 1094 2558 et
1128 2513 1231 2573 ipsa
1265 2512 1448 2560 Venus,

337 2591 367 2618 -x-
504 2591 532 2618 -x-
670 2592 699 2619 ψ
835 2592 863 2619 ae
1001 2592 1030 2620 -κ
1166 2593 1195 2620 ÷÷
