1732 2959
704 127 782 174 LI
779 129 836 173 B.
885 128 918 172 I
930 128 975 174 V.
1512 129 1572 173 59

712 302 956 347 LXXIV.

94 425 302 487 Aspicis,
343 424 562 470 imbelles
599 429 840 484 temptent
878 439 1021 483 quam
1061 424 1206 468 fortia
1243 424 1462 470 dammae

160 506 384 551 Praelia?
422 510 525 549 tam
565 503 751 548 timidis
792 510 976 563 quanta
1014 503 1077 548 sit
1117 505 1190 548 ira
1228 504 1371 549 feris?

92 586 155 631 In
197 591 401 631 mortem
437 584 602 645 parvis
642 599 922 629 concurrere
960 584 1202 628 frontibus
1237 584 1420 629 ardent.

158 667 263 723 Vis,
309 665 496 724 Caesar,
541 663 746 710 dammis
788 665 1012 724 parcere?
1052 664 1193 709 mitte
1236 680 1388 710 canes.

719 824 932 869 LXXV.

155 931 196 977 O
236 930 354 976 felix
391 930 567 988 animo,
608 930 738 986 felix,
784 930 1006 990 Nigrina,
1050 931 1224 975 marito

219 1011 387 1072 Atque
427 1010 558 1056 inter
596 1010 762 1055 Latias
802 1011 954 1071 gloria
996 1012 1153 1071 prima
1189 1026 1369 1055 nurus:

152 1090 218 1135 Te
256 1090 439 1151 patrios
476 1089 674 1134 miscere
714 1088 853 1132 iuvat
890 1104 1000 1133 cum
1041 1088 1241 1148 coniuge
1279 1104 1460 1143 census,

219 1169 525 1215 Gaudentem
565 1168 690 1213 socio
732 1167 1053 1228 participique
1092 1168 1210 1213 viro.

151 1249 345 1294 Arserit
388 1248 624 1293 Euhadne
664 1248 870 1293 flammis
911 1248 1089 1292 iniecta
1125 1247 1305 1306 mariti,
1540 1264 1562 1308 5

217 1329 322 1375 Nec
363 1331 520 1374 minor
557 1329 783 1374 Alcestin
820 1328 953 1373 fama
994 1329 1082 1373 sub
1121 1333 1252 1374 astra
1290 1328 1443 1375 ferat:

150 1408 223 1453 Tu
260 1408 460 1455 melius:
500 1412 628 1453 certo
670 1407 894 1453 meruisti
929 1408 1130 1468 pignore
1169 1408 1315 1465 vitae,

217 1486 292 1533 Ut
334 1487 426 1532 tibi
466 1503 562 1531 non
600 1492 725 1532 esset
762 1495 917 1532 morte
953 1487 1229 1548 probandus
1269 1503 1414 1535 amor.

663 1665 962 1712 LXXXVI.
998 1667 1069 1705 's'

281 1789 332 1834 Si
369 1789 442 1835 vis
483 1790 682 1835 auribus
716 1789 901 1835 Atticis
934 1790 1139 1851 probari,

280 1869 525 1914 Exhortor
561 1885 825 1930 moneoque
865 1875 928 1927 te,
971 1869 1143 1928 libelle,

278 1950 356 1996 Ut
392 1950 532 1995 docto
569 1949 757 2010 placeas
790 1949 1078 2010 Apollinari.

278 2027 368 2074 Nil
404 2029 623 2074 exactius
661 2027 996 2089 eruditiusque
1036 2033 1124 2084 est,

281 2107 374 2153 Sed
413 2124 501 2153 nec
542 2107 795 2152 candidius
835 2107 1215 2168 benigniusque:
1530 2121 1554 2167 5

277 2183 330 2230 Si
366 2189 415 2230 te
451 2190 658 2246 pectore,
697 2185 737 2230 si
773 2184 960 2230 tenebit
1001 2201 1092 2241 ore,

276 2263 381 2310 Nec
416 2264 653 2310 rhonchos
690 2269 875 2310 metues
911 2264 1267 2325 maligniorum,

275 2343 381 2389 Nec
423 2345 652 2390 scombris
690 2346 879 2391 tunicas
917 2344 1054 2390 dabis
1093 2343 1329 2391 molestas.

276 2423 326 2469 Si
363 2424 680 2481 damnaverit,
721 2425 783 2470 ad
824 2425 1108 2470 salariorum

275 2502 451 2548 Curras
492 2504 668 2549 scrinia
709 2504 930 2564 protinus
967 2503 1149 2559 licebit,
1497 2516 1554 2549 10

274 2581 477 2628 Inversa
513 2583 674 2644 pueris
707 2583 885 2628 arande
925 2581 1108 2628 charta.
