1732 2959
705 159 835 204 LIB.
886 157 950 203 Χ.
1465 153 1557 199 133

249 271 469 327 Somnus,
508 270 590 331 qui
626 268 774 314 faciat
808 268 977 312 breves
1012 265 1263 311 tenebras:

249 352 388 407 Quod
424 351 500 407 sis,
539 366 639 395 esse
675 349 795 394 velis
830 347 1049 408 nihilque
1085 345 1224 391 malis
1235 361 1247 403 5

247 429 501 475 Summum
536 443 623 472 nec
657 432 844 472 metuas
878 426 1020 483 diem,
1057 440 1144 469 nec
1179 428 1325 484 optes.

692 658 943 705 XLVIII.

82 804 300 851 Nunciat
334 811 552 852 octavam
589 805 794 852 Phariae
829 821 915 851 sua
950 806 1096 851 turba
1129 805 1360 850 iuvencae

149 885 215 931 Et
248 886 400 947 pilata
434 887 560 932 redit
593 886 786 948 iamque
821 887 1046 947 subitque
1081 885 1260 931 cohors.

81 963 335 1026 Temperat
368 965 484 1011 haec
518 966 743 1025 thermas,
782 965 933 1012 nimio
968 966 1101 1026 prior
1135 965 1253 1010 hora
1287 978 1463 1024 vapore

149 1046 306 1091 Halat
340 1050 389 1091 et
422 1046 677 1092 immodico
714 1051 850 1092 sexta
885 1045 1080 1091 Nerone
1116 1045 1248 1103 calet.

83 1125 247 1180 Stella,
284 1124 462 1186 Nepos,
502 1126 636 1184 Cani,
676 1125 898 1179 Cerealis,
937 1124 1118 1180 Flacce,
1156 1123 1362 1169 venitis?
1535 1135 1558 1182 5

150 1203 344 1264 Septem
379 1203 534 1265 sigma
569 1205 697 1266 capit
707 1221 721 1262 3
759 1220 844 1250 sex
879 1219 1058 1260 sumus,
1096 1202 1217 1248 adde
1255 1201 1460 1263 Lupum.

84 1282 447 1329 Exoneraturas
480 1288 700 1329 ventrem
736 1283 857 1328 mihi
892 1282 1036 1328 vilica
1069 1282 1255 1328 malvas

150 1361 342 1407 Attulit
377 1367 426 1407 et
461 1361 634 1418 varias,
672 1378 790 1423 quas
825 1362 971 1407 habet
1004 1361 1186 1418 hortus,
1227 1376 1351 1421 opes.

85 1442 149 1487 In
184 1442 359 1504 quibus
394 1448 466 1488 est
501 1443 687 1488 lactuca
723 1443 890 1489 sedens
925 1449 974 1488 et
1007 1442 1183 1488 'tonsile
1219 1456 1440 1503 porrum:

148 1522 254 1568 Nec
289 1523 422 1568 deest
456 1523 696 1568 ructatrix
730 1523 928 1569 mentha
962 1539 1051 1569 nec
1084 1523 1232 1568 herba
1268 1521 1414 1568 salax.
1507 1537 1563 1566 10

84 1601 226 1648 Secta
260 1603 561 1648 coronabunt
594 1608 783 1648 rutatos
819 1619 910 1649 ova
943 1603 1147 1649 lacertos

149 1682 216 1728 Et
250 1682 497 1728 madidum
531 1682 710 1744 thynni
745 1683 803 1728 de
839 1682 935 1728 sale
971 1698 1141 1728 sumen
1176 1683 1281 1728 erit.

86 1760 271 1807 Gustus
304 1761 358 1807 in
391 1761 466 1806 his
476 1779 489 1821 3
525 1777 622 1807 una
657 1766 864 1822 ponetur
899 1762 1068 1807 cenula
1102 1778 1280 1818 mensa,

151 1841 366 1900 Haedus,
403 1841 659 1887 inhumani
694 1848 862 1904 raptus
896 1842 956 1887 ab
992 1857 1073 1887 ore
1109 1841 1225 1902 lupi,

84 1920 152 1966 Et
186 1936 308 1981 quae
341 1936 439 1966 non
473 1928 644 1982 egeant
678 1922 803 1966 ferro
839 1923 1089 1967 structoris
1126 1922 1307 1980 ofellae,
1508 1933 1561 1981 15

152 2001 218 2046 Et
252 1999 366 2047 faba
399 2002 645 2048 fabrorum
679 2002 1036 2064 prototomique
1072 2002 1228 2048 rudes.

86 2081 258 2128 Pullus
292 2082 352 2127 ad
386 2082 502 2128 haec
537 2082 760 2144 cenisque
793 2083 952 2129 tribus
986 2083 1083 2129 iam
1119 2099 1269 2144 perna
1304 2087 1543 2144 superstes

151 2162 399 2220 Addetur3
441 2162 619 2208 saturis
654 2163 793 2208 mitia
827 2179 969 2224 poma
1003 2164 1140 2221 dabo,

87 2239 160 2286 De
196 2240 508 2287 Nomentana
542 2242 713 2287 vinum
748 2244 850 2287 sine
886 2243 1012 2287 faece
1047 2242 1231 2302 lagona,

154 2320 288 2376 Quae
324 2321 397 2367 bis
432 2321 669 2368 Frontino
705 2322 897 2368 consule
932 2322 1089 2383 prima
1124 2322 1230 2369 fuit.
1504 2337 1563 2366 20

84 2402 343 2447 Accedunt
377 2402 481 2448 sine
515 2401 628 2448 felle
663 2402 755 2448 ioci
788 2419 875 2448 nec
909 2419 1050 2449 mane
1083 2403 1300 2449 timenda

151 2479 373 2526 Libertas
408 2486 456 2527 et
490 2481 561 2526 nil
597 2482 725 2543 quod
758 2482 964 2528 tacuisse
999 2482 1128 2528 velis.

86 2557 162 2604 De
196 2558 390 2619 prasino
425 2560 629 2605 conviva
663 2576 798 2606 meus
832 2567 1103 2622 venetoque
1138 2561 1376 2622 loquatur,

150 2639 256 2685 Nec
289 2639 476 2686 faciunt
512 2656 801 2703 quemquam
836 2641 1006 2702 pocula
1040 2646 1206 2686 nostra
1240 2656 1388 2685 reum.
