1732 2959
119 78 177 124 24
649 81 1033 127 MARTJALJS

383 184 648 246 Nunquam
688 186 884 232 deliciae
921 188 1200 247 supiniores.

384 264 560 310 Lassus
597 270 697 310 tam
739 267 833 310 cito
871 266 1031 311 deficis
1072 267 1243 321 viator,

386 343 452 388 Et
490 360 598 388 cum
638 359 827 389 currere
868 344 1038 389 debeas
1080 344 1305 402 Bovillas,
1542 361 1597 409 15

385 423 722 484 Interiungere
763 424 953 484 quaeris
994 425 1054 470 acl
1096 425 1359 471 Camenas2

387 502 413 546 I
456 518 596 559 nunc,
642 503 780 548 edere
821 519 897 548 me
934 503 1045 549 iube
1088 505 1285 551 libellos.

815 761 908 807 XI.

252 895 393 951 Quod
433 895 592 940 fronte
631 895 813 941 Selium
850 896 1018 941 nubila
1043 896 1203 970 vides,
1246 897 1388 955 Rufe,

253 975 391 1031 Quod
432 976 703 1022 ambulator
741 954 1147 1060 p01t1011m“te1·it
1146 933 1344 1034 88111111,

252 1055 357 1116 Lu(0
346 1055 479 1100 ubre
519 1055 748 1116 quiddam
788 1056 914 1116 quod
951 1061 1112 1101 tacet
1113 1043 1254 1118 p'i'c‘rer
1293 1057 1471 1115 vultus,

253 1136 391 1191 Quod
432 1151 581 1196 paene
622 1141 801 1180 terram
838 1151 983 1181 nasus
1018 1136 1242 1182 indecens
1280 1136 1450 1197 tangit,

254 1215 392 1270 Quod
430 1215 602 1261 dextra
639 1220 804 1276 pectus
845 1216 1005 1276 pulsat
1041 1222 1090 1261 et
1127 1232 1309 1261 comam
1349 1211 1515 1266 vellit:
1570 1229 1596 1277 5

251 1294 367 1340 Non
405 1294 488 1340 ille
527 1295 670 1340 amici
710 1295 812 1340 fata
844 1294 978 1356 luget
1017 1300 1103 1341 aut
1139 1296 1316 1353 fratris,

252 1376 473 1436 Uterque
510 1381 654 1421 natus
696 1376 820 1421 vivit
857 1381 905 1421 et
942 1392 1108 1455 precor
1148 1376 1294 1434 vivat,

253 1455 396 1500 Salva
438 1460 509 1500 881
551 1463 600 1501 81
637 1472 760 1500 uxor
800 1450 1106 1516 sarcinaeque
1131 1472 1464 1560 SOEWQ

252 1533 394 1579 Nihil
432 1534 626 1579 colonus
668 1519 933 1595 vilicusque
971 1506 1278 1580 decoxit.

252 1613 489 1659 Maeroris
530 1613 680 1675 igitur
721 1630 862 1659 causa
899 1616 1055 1674 quae‘l
1128 1613 1274 1659 Domi
1312 1619 1461 1659 cenat.
1545 1630 1597 1659 10

783 1860 928 1906 XIV.

121 1982 209 2027 Nil
248 1981 593 2043 intemptatum
636 1982 806 2039 Selius,
849 1982 919 2027 nil
955 1982 1135 2043 linquit
1174 1982 1412 2037 inausum,

188 2061 468 2108 Cenandum
511 2061 733 2122 quotiens
772 2061 870 2106 iam
911 2061 1044 2106 videt
1081 2077 1182 2106 esse
1224 2060 1365 2106 domi.

123 2142 289 2188 Currit
330 2142 391 2187 ad
428 2141 656 2202 Europen
693 2148 742 2187 et
784 2147 846 2199 te,
892 2141 1110 2199 Pauline,
1150 2147 1354 2202 tuosque

189 2221 381 2267 Laudat
421 2221 683 2279 Achilleos,
724 2222 807 2267 secl
847 2222 950 2266 sine
990 2221 1098 2277 fine,
1139 2220 1293 2281 pedes.

123 2300 175 2346 Si
213 2299 337 2345 nihil
379 2299 572 2360 Europe
612 2299 742 2358 fecit,
790 2312 893 2345 tum
933 2300 1079 2360 Septa
1116 2305 1362 2360 petuntur,
1572 2314 1595 2359 5

189 2378 241 2424 Si
278 2379 396 2440 quid
433 2379 708 2439 Philyrides
748 2384 956 2440 praestet
997 2384 1045 2424 et
1085 2379 1363 2424 Aesonides

131 2461 257 2506 Hinc
281 2476 470 2522 quoque
495 2460 721 2520 deceptus
757 2459 1073 2520 Memphitica
1095 2459 1277 2519 templa
1309 2459 1597 2520 frequentat,

188 2539 390 2585 Assidet
425 2546 475 2585 et
512 2538 763 2595 cathedris,
801 2543 982 2583 maesta
1018 2539 1233 2596 iuvenca,
1275 2538 1382 2583 tuis.
