1732 2959
713 108 844 153 LIB.
903 106 1046 154 VIII.
1554 109 1616 157 99

139 216 405 278 Spartanus
439 214 533 261 tibi
567 215 704 261 cedet
739 215 842 260 olor
877 214 1186 276 Paphiaeque
1221 214 1484 271 columbae,

205 296 354 342 Cedet
388 295 671 356 Erythraeis
707 300 847 340 eruta
881 310 1070 356 gemma
1104 294 1253 340 vadis.

137 376 231 422 Sed
265 374 380 421 licet
413 373 528 419 haec
562 373 731 434 primis
765 373 960 419 nivibus
994 374 1094 419 sint
1127 375 1315 420 aemula
1349 375 1486 432 dona,
1563 390 1617 438 15

202 454 319 501 Non
353 458 468 499 sunt
504 452 768 498 Parthenio
804 453 1082 499 candidiora
1121 469 1220 501 suo.

137 533 253 579 Non
288 549 373 594 ego
408 532 721 593 praetulerim
757 532 1034 593 Babylonos
1067 532 1199 594 pieta
1233 534 1466 595 superbae

203 612 370 669 Texta,
410 610 695 657 Semiramia
730 627 852 671 quae
887 613 1141 657 variantur
1174 628 1295 670 acu;

137 693 252 738 Non
288 693 622 737 Athamanteo
656 691 818 752 potius
853 707 929 737 me
964 692 1111 737 mirer
1144 693 1197 737 in
1231 708 1363 751 auro,

204 771 431 818 Aeolium
466 771 612 816 dones
647 771 689 816 si
724 770 857 828 mihi,
896 770 1093 828 Phrixe,
1132 787 1288 832 pecus.
1563 790 1622 822 20

137 852 178 898 O
215 856 422 912 quantos
456 850 581 896 risus
615 850 798 911 pariter
831 856 1045 911 spectata
1079 851 1294 897 movebit

204 932 325 977 Cum
362 931 587 976 Palatina
621 936 787 976 nostra
820 930 1013 976 lacerna
1049 935 1190 993 toga!

789 1077 963 1123 XXX.
1004 1086 1036 1107 ’ν

137 1203 233 1259 Qui
267 1218 396 1248 nunc
432 1201 688 1247 Caesareae
722 1201 857 1247 lusus
893 1207 1141 1263 spectatur
1166 1203 1399 1265 harenae,

105 1269 109 1271 ”
200 1283 516 1344 Temporibus
553 1282 698 1327 Bruti
731 1282 885 1344 gloria
920 1299 1107 1329 summa
1141 1284 1248 1330 fuit.

135 1363 343 1424 Aspicis,
380 1367 437 1407 ut
470 1367 637 1408 teneat
671 1362 887 1408 flammas
921 1378 1171 1424 poenaque
1206 1365 1399 1411 fruatur

202 1443 363 1489 Fortis
399 1448 448 1488 et
482 1442 693 1488 attonito
728 1448 897 1504 regnet
931 1443 984 1489 in
1016 1444 1129 1505 igne
1164 1448 1369 1492 manus!

134 1524 247 1586 Ipse
282 1524 364 1568 sui>
392 1528 633 1584 spectator
667 1522 802 1569 adest
838 1529 887 1569 et
920 1524 1082 1570 nobile
1117 1524 1317 1572 dextrae

205 1602 373 1648 Funus
408 1606 570 1647 amat:
619 1601 736 1647 totis
771 1602 985 1663 pascitur
1018 1602 1103 1648 illa
1131 1595 1286 1650 sacris.

136 1681 278 1738 Quod
311 1681 406 1726 nisi
431 1685 570 1741 rapta
603 1680 728 1726 foret
761 1680 948 1726 nolenti
981 1696 1147 1742 poena,
1185 1683 1385 1743 parabat

202 1759 402 1804 Saevior
435 1760 487 1804 in
521 1758 671 1804 lassos
704 1758 776 1804 ire
810 1758 1006 1805 sinistra
1039 1759 1181 1807 focos.
1441 1821 1444 1823 ι

136 1839 267 1885 Scire
301 1839 434 1899 piget
468 1843 577 1898 post
610 1836 708 1883 tale
744 1837 900 1896 decus,
939 1838 1055 1900 quid
1090 1840 1256 1886 fecerit
1289 1847 1429 1890 ante:

201 1917 358 1974 Quam
392 1916 507 1973 vidi,
544 1916 662 1962 satis
697 1921 770 1962 est
803 1915 928 1963 hano
959 1917 1080 1963 mibi
1109 1934 1248 1965 nosse
1276 1936 1485 1968 manum.
1562 1940 1620 1972 10

744 2064 1013 2113 XXXIII.
1054 2078 1072 2108 ·,

135 2172 211 2218 De
246 2172 532 2233 praetoricia
566 2172 739 2218 folium
773 2173 910 2233 mihi,
951 2173 1118 2230 Paule,
1156 2189 1331 2220 corona

200 2250 365 2296 Mittis
400 2256 450 2296 et
482 2251 572 2296 hoc
606 2251 797 2312 phialae
832 2267 1009 2297 nomen
1042 2251 1219 2297 habere
1253 2252 1404 2299 iubes,

135 2329 246 2375 Hac
280 2328 441 2374 fuerat
473 2344 629 2390 nuper
662 2330 841 2375 nebula
875 2330 969 2375 tibi
1001 2345 1174 2391 pegma
1207 2336 1510 2391 perunctum,

199 2405 391 2451 Pallida
423 2422 565 2467 quam
583 2407 740 2452 -rubri
773 2408 921 2454 diluit
954 2409 1087 2454 unda
1121 2408 1257 2454 croci.

137 2488 219 2532 An
255 2485 407 2546 magis
440 2487 593 2532 astuti
628 2487 796 2533 derasa
829 2494 902 2534 est
936 2504 1100 2550 ungue
1134 2489 1351 2533 ministri
1585 2505 1611 2552 5

199 2568 405 2613 Bractea
437 2567 496 2613 de
530 2567 709 2626 fulcro,
738 2568 866 2628 quod
898 2584 1022 2614 reor·
1041 2584 1160 2626 esse,
1191 2569 1318 2614 tuo?

1357 2667 1485 2715 7-2
