<?xml version="1.0" encoding="UTF-8"?>
<!DOCTYPE html PUBLIC "-//W3C//DTD XHTML 1.0 Transitional//EN"
    "http://www.w3.org/TR/xhtml1/DTD/xhtml1-transitional.dtd">
<html xmlns="http://www.w3.org/1999/xhtml" xml:lang="en" lang="en">
 <head>
  <title>
</title>
<meta http-equiv="Content-Type" content="text/html;charset=utf-8" />
  <meta name='ocr-system' content='tesseract 3.04.00' />
  <meta name='ocr-capabilities' content='ocr_page ocr_carea ocr_par ocr_line ocrx_word'/>
</head>
<body>
  <div class='ocr_page' id='page_1' title='image "./selectepigramsfr00martrich/selectepigramsfr00martrich_0070.png"; bbox 0 0 1732 2959; ppageno 0'>
   <div class='ocr_carea' id='block_1_1' title="bbox 139 134 1074 181">
    <p class='ocr_par' dir='ltr' id='par_1_1' title="bbox 139 134 1074 181">
     <span class='ocr_line' id='line_1_1' title="bbox 139 134 1074 181; baseline 0.001 -2"><span class='ocrx_word' id='word_1_1' title='bbox 139 134 200 179; x_wconf 86' lang='lat'>44</span> <span class='ocrx_word' id='word_1_2' title='bbox 685 134 1074 181; x_wconf 73' lang='lat' dir='ltr'><em>MARTIALIS</em></span> 
     </span>
    </p>
   </div>
   <div class='ocr_carea' id='block_1_2' title="bbox 138 239 1615 856">
    <p class='ocr_par' dir='ltr' id='par_1_2' title="bbox 139 239 1314 379">
     <span class='ocr_line' id='line_1_2' title="bbox 139 239 1314 300; baseline 0.001 -16"><span class='ocrx_word' id='word_1_3' title='bbox 139 239 313 285; x_wconf 85' lang='lat' dir='ltr'>Ostrea</span> <span class='ocrx_word' id='word_1_4' title='bbox 346 244 404 285; x_wconf 89' lang='lat' dir='ltr'>tu</span> <span class='ocrx_word' id='word_1_5' title='bbox 439 239 590 285; x_wconf 90' lang='lat' dir='ltr'>sumis</span> <span class='ocrx_word' id='word_1_6' title='bbox 626 245 796 300; x_wconf 85' lang='lat' dir='ltr'>stagno</span> <span class='ocrx_word' id='word_1_7' title='bbox 831 245 1052 285; x_wconf 90' lang='lat' dir='ltr'>saturata</span> <span class='ocrx_word' id='word_1_8' title='bbox 1087 239 1314 297; x_wconf 90' lang='lat' dir='ltr'>Lucrino,</span> 
     </span>
     <span class='ocr_line' id='line_1_3' title="bbox 204 318 1114 379; baseline 0.001 -15"><span class='ocrx_word' id='word_1_9' title='bbox 204 318 407 379; x_wconf 76' lang='lat' dir='ltr'>Sugitur</span> <span class='ocrx_word' id='word_1_10' title='bbox 439 318 590 364; x_wconf 89' lang='lat' dir='ltr'>inciso</span> <span class='ocrx_word' id='word_1_11' title='bbox 625 318 828 364; x_wconf 86' lang='lat' dir='ltr'>mitulus</span> <span class='ocrx_word' id='word_1_12' title='bbox 864 334 945 364; x_wconf 87' lang='lat' dir='ltr'>ore</span> <span class='ocrx_word' id='word_1_13' title='bbox 981 318 1114 365; x_wconf 89' lang='lat' dir='ltr'>mihi.</span> 
     </span>
    </p>

    <p class='ocr_par' dir='ltr' id='par_1_3' title="bbox 139 397 1611 540">
     <span class='ocr_line' id='line_1_4' title="bbox 139 397 1611 462; baseline 0.002 -19"><span class='ocrx_word' id='word_1_14' title='bbox 139 397 265 443; x_wconf 85' lang='lat' dir='ltr'>Sunt</span> <span class='ocrx_word' id='word_1_15' title='bbox 298 398 390 443; x_wconf 90' lang='lat' dir='ltr'>tibi</span> <span class='ocrx_word' id='word_1_16' title='bbox 425 398 590 454; x_wconf 88' lang='lat' dir='ltr'>boleti,</span> <span class='ocrx_word' id='word_1_17' title='bbox 627 398 804 459; x_wconf 81' lang='lat' dir='ltr'>fungos</span> <span class='ocrx_word' id='word_1_18' title='bbox 839 414 926 459; x_wconf 88' lang='lat' dir='ltr'>ego</span> <span class='ocrx_word' id='word_1_19' title='bbox 961 414 1098 444; x_wconf 90' lang='lat' dir='ltr'>sumo</span> <span class='ocrx_word' id='word_1_20' title='bbox 1134 399 1329 446; x_wconf 89' lang='lat' dir='ltr'>suillos:</span> <span class='ocrx_word' id='word_1_21' title='bbox 1588 415 1611 462; x_wconf 89' lang='lat'><strong>5</strong></span> 
     </span>
     <span class='ocr_line' id='line_1_5' title="bbox 204 477 1566 540; baseline 0.001 -17"><span class='ocrx_word' id='word_1_22' title='bbox 204 477 304 523; x_wconf 87' lang='lat' dir='ltr'>Res</span> <span class='ocrx_word' id='word_1_23' title='bbox 338 477 430 523; x_wconf 89' lang='lat' dir='ltr'>tibi</span> <span class='ocrx_word' id='word_1_24' title='bbox 465 494 574 522; x_wconf 87' lang='lat' dir='ltr'>cum</span> <span class='ocrx_word' id='word_1_25' title='bbox 610 477 813 523; x_wconf 87' lang='lat' dir='ltr'>rhombo</span> <span class='ocrx_word' id='word_1_26' title='bbox 848 483 935 536; x_wconf 90' lang='lat' dir='ltr'>est,</span> <span class='ocrx_word' id='word_1_27' title='bbox 974 483 1026 523; x_wconf 83' lang='lat' dir='ltr'>at</span> <span class='ocrx_word' id='word_1_28' title='bbox 1060 478 1182 523; x_wconf 93' lang='lat' dir='ltr'>mihi</span> <span class='ocrx_word' id='word_1_29' title='bbox 1217 495 1326 524; x_wconf 90' lang='lat' dir='ltr'>cum</span> <span class='ocrx_word' id='word_1_30' title='bbox 1362 479 1566 540; x_wconf 88' lang='lat' dir='ltr'>sparulo.</span> 
     </span>
    </p>

    <p class='ocr_par' dir='ltr' id='par_1_4' title="bbox 138 555 1417 699">
     <span class='ocr_line' id='line_1_6' title="bbox 138 555 1417 619; baseline 0 -16"><span class='ocrx_word' id='word_1_31' title='bbox 138 556 333 603; x_wconf 80' lang='lat' dir='ltr'><strong>Aureus</strong></span> <span class='ocrx_word' id='word_1_32' title='bbox 367 555 636 602; x_wconf 82' lang='lat' dir='ltr'>immodicis</span> <span class='ocrx_word' id='word_1_33' title='bbox 677 561 844 601; x_wconf 88' lang='lat' dir='ltr'>turtur</span> <span class='ocrx_word' id='word_1_34' title='bbox 883 561 933 602; x_wconf 89' lang='lat' dir='ltr'>te</span> <span class='ocrx_word' id='word_1_35' title='bbox 975 557 1198 602; x_wconf 83' lang='lat' dir='ltr'>clunibus</span> <span class='ocrx_word' id='word_1_36' title='bbox 1233 557 1417 619; x_wconf 86' lang='lat' dir='ltr'>implet,</span> 
     </span>
     <span class='ocr_line' id='line_1_7' title="bbox 204 636 1241 699; baseline 0.002 -17"><span class='ocrx_word' id='word_1_37' title='bbox 204 636 412 682; x_wconf 88' lang='lat' dir='ltr'>Ponitur</span> <span class='ocrx_word' id='word_1_38' title='bbox 452 637 504 682; x_wconf 88' lang='lat' dir='ltr'>in</span> <span class='ocrx_word' id='word_1_39' title='bbox 545 652 691 682; x_wconf 86' lang='lat' dir='ltr'>cavea</span> <span class='ocrx_word' id='word_1_40' title='bbox 729 643 922 682; x_wconf 88' lang='lat' dir='ltr'>mortua</span> <span class='ocrx_word' id='word_1_41' title='bbox 963 638 1070 699; x_wconf 88' lang='lat' dir='ltr'>pica</span> <span class='ocrx_word' id='word_1_42' title='bbox 1109 638 1241 684; x_wconf 91' lang='lat' dir='ltr'>mihi.</span> 
     </span>
    </p>

    <p class='ocr_par' dir='ltr' id='par_1_5' title="bbox 138 715 1615 856">
     <span class='ocr_line' id='line_1_8' title="bbox 138 715 1514 774; baseline 0.003 -13"><span class='ocrx_word' id='word_1_43' title='bbox 138 715 238 761; x_wconf 84' lang='lat' dir='ltr'>Cur</span> <span class='ocrx_word' id='word_1_44' title='bbox 278 715 381 761; x_wconf 89' lang='lat' dir='ltr'>sine</span> <span class='ocrx_word' id='word_1_45' title='bbox 419 722 467 761; x_wconf 84' lang='lat' dir='ltr'>te</span> <span class='ocrx_word' id='word_1_46' title='bbox 510 731 639 772; x_wconf 89' lang='lat' dir='ltr'>ceno,</span> <span class='ocrx_word' id='word_1_47' title='bbox 684 731 793 762; x_wconf 85' lang='lat' dir='ltr'>oum</span> <span class='ocrx_word' id='word_1_48' title='bbox 834 720 1008 774; x_wconf 86' lang='lat' dir='ltr'>tecum,</span> <span class='ocrx_word' id='word_1_49' title='bbox 1052 716 1270 772; x_wconf 87' lang='lat' dir='ltr'>Pontice,</span> <span class='ocrx_word' id='word_1_50' title='bbox 1313 719 1514 765; x_wconf 67' lang='grc' dir='ltr'>0011οῑ112</span> 
     </span>
     <span class='ocr_line' id='line_1_9' title="bbox 204 794 1615 856; baseline 0.001 -16"><span class='ocrx_word' id='word_1_51' title='bbox 204 794 432 855; x_wconf 84' lang='lat' dir='ltr'>Sportula</span> <span class='ocrx_word' id='word_1_52' title='bbox 468 794 596 855; x_wconf 89' lang='lat' dir='ltr'>quod</span> <span class='ocrx_word' id='word_1_53' title='bbox 631 811 728 840; x_wconf 91' lang='lat' dir='ltr'>non</span> <span class='ocrx_word' id='word_1_54' title='bbox 762 802 849 852; x_wconf 87' lang='lat' dir='ltr'>est,</span> <span class='ocrx_word' id='word_1_55' title='bbox 880 796 1062 856; x_wconf 87' lang='lat' dir='ltr'>prosit:</span> <span class='ocrx_word' id='word_1_56' title='bbox 1106 797 1303 843; x_wconf 88' lang='lat' dir='ltr'>edamus</span> <span class='ocrx_word' id='word_1_57' title='bbox 1339 797 1480 842; x_wconf 90' lang='lat' dir='ltr'>idem.</span> <span class='ocrx_word' id='word_1_58' title='bbox 1559 813 1615 842; x_wconf 93' lang='lat'>10</span> 
     </span>
    </p>
   </div>
   <div class='ocr_carea' id='block_1_3' title="bbox 769 1005 1020 1060">
    <p class='ocr_par' dir='ltr' id='par_1_6' title="bbox 769 1005 1020 1060">
     <span class='ocr_line' id='line_1_10' title="bbox 769 1005 1020 1060; baseline 0.004 -10"><span class='ocrx_word' id='word_1_59' title='bbox 769 1005 966 1052; x_wconf 89' lang='lat' dir='ltr'>LXIII.</span> <span class='ocrx_word' id='word_1_60' title='bbox 1008 1018 1020 1060; x_wconf 56' lang='grc' dir='ltr'><strong>ἡ</strong></span> 
     </span>
    </p>
   </div>
   <div class='ocr_carea' id='block_1_4' title="bbox 133 1137 1614 2244">
    <p class='ocr_par' dir='ltr' id='par_1_7' title="bbox 137 1137 1569 1280">
     <span class='ocr_line' id='line_1_11' title="bbox 137 1137 1569 1196; baseline -0.001 -12"><span class='ocrx_word' id='word_1_61' title='bbox 137 1137 306 1196; x_wconf 85' lang='lat' dir='ltr'>Cotile,</span> <span class='ocrx_word' id='word_1_62' title='bbox 350 1138 506 1184; x_wconf 82' lang='lat' dir='ltr'>bellus</span> <span class='ocrx_word' id='word_1_63' title='bbox 544 1138 688 1185; x_wconf 91' lang='lat' dir='ltr'>homo</span> <span class='ocrx_word' id='word_1_64' title='bbox 727 1154 806 1185; x_wconf 86' lang='lat' dir='ltr'>es:</span> <span class='ocrx_word' id='word_1_65' title='bbox 842 1139 1012 1185; x_wconf 89' lang='lat' dir='ltr'>dicunt</span> <span class='ocrx_word' id='word_1_66' title='bbox 1049 1139 1153 1196; x_wconf 87' lang='lat' dir='ltr'>hoc,</span> <span class='ocrx_word' id='word_1_67' title='bbox 1199 1138 1368 1195; x_wconf 84' lang='lat' dir='ltr'>Cotile,</span> <span class='ocrx_word' id='word_1_68' title='bbox 1412 1137 1569 1184; x_wconf 90' lang='lat' dir='ltr'>multi.</span> 
     </span>
     <span class='ocr_line' id='line_1_12' title="bbox 201 1217 1497 1280; baseline 0.001 -16"><span class='ocrx_word' id='word_1_69' title='bbox 201 1217 396 1264; x_wconf 89' lang='lat' dir='ltr'>Audio:</span> <span class='ocrx_word' id='word_1_70' title='bbox 432 1218 514 1265; x_wconf 88' lang='lat' dir='ltr'>sed</span> <span class='ocrx_word' id='word_1_71' title='bbox 555 1219 672 1280; x_wconf 91' lang='lat' dir='ltr'>quid</span> <span class='ocrx_word' id='word_1_72' title='bbox 710 1219 789 1277; x_wconf 87' lang='lat' dir='ltr'>sit,</span> <span class='ocrx_word' id='word_1_73' title='bbox 834 1219 911 1264; x_wconf 88' lang='lat' dir='ltr'>dic</span> <span class='ocrx_word' id='word_1_74' title='bbox 948 1218 1081 1276; x_wconf 89' lang='lat' dir='ltr'>mihi,</span> <span class='ocrx_word' id='word_1_75' title='bbox 1124 1218 1278 1264; x_wconf 88' lang='lat' dir='ltr'>bellus</span> <span class='ocrx_word' id='word_1_76' title='bbox 1319 1218 1497 1265; x_wconf 65' lang='lat' dir='ltr'>homoit</span> 
     </span>
    </p>

    <p class='ocr_par' dir='ltr' id='par_1_8' title="bbox 138 1299 1614 1443">
     <span class='ocr_line' id='line_1_13' title="bbox 138 1299 1614 1362; baseline -0.001 -16"><span class='ocrx_word' id='word_1_77' title='bbox 138 1305 164 1326; x_wconf 86' lang='lat'><strong>“</strong></span> <span class='ocrx_word' id='word_1_78' title='bbox 183 1301 349 1346; x_wconf 90' lang='lat' dir='ltr'>Bellus</span> <span class='ocrx_word' id='word_1_79' title='bbox 388 1300 532 1346; x_wconf 90' lang='lat' dir='ltr'>homo</span> <span class='ocrx_word' id='word_1_80' title='bbox 572 1305 659 1356; x_wconf 86' lang='lat' dir='ltr'>est,</span> <span class='ocrx_word' id='word_1_81' title='bbox 702 1301 852 1346; x_wconf 85' lang='lat' dir='ltr'>flexos</span> <span class='ocrx_word' id='word_1_82' title='bbox 893 1301 978 1362; x_wconf 88' lang='lat' dir='ltr'>qui</span> <span class='ocrx_word' id='word_1_83' title='bbox 1019 1300 1197 1361; x_wconf 84' lang='lat' dir='ltr'>digerit</span> <span class='ocrx_word' id='word_1_84' title='bbox 1239 1300 1408 1345; x_wconf 85' lang='lat' dir='ltr'>ordine</span> <span class='ocrx_word' id='word_1_85' title='bbox 1444 1299 1614 1352; x_wconf 87' lang='lat' dir='ltr'>crines,</span> 
     </span>
     <span class='ocr_line' id='line_1_14' title="bbox 203 1380 1460 1443; baseline -0.001 -18"><span class='ocrx_word' id='word_1_86' title='bbox 203 1380 430 1426; x_wconf 83' lang='lat' dir='ltr'>Balsama</span> <span class='ocrx_word' id='word_1_87' title='bbox 467 1381 552 1442; x_wconf 88' lang='lat' dir='ltr'>qui</span> <span class='ocrx_word' id='word_1_88' title='bbox 593 1397 790 1443; x_wconf 82' lang='lat' dir='ltr'>semper,</span> <span class='ocrx_word' id='word_1_89' title='bbox 839 1381 1062 1427; x_wconf 88' lang='lat' dir='ltr'>cinnama</span> <span class='ocrx_word' id='word_1_90' title='bbox 1103 1396 1292 1441; x_wconf 85' lang='lat' dir='ltr'>semper</span> <span class='ocrx_word' id='word_1_91' title='bbox 1335 1380 1460 1437; x_wconf 79' lang='lat' dir='ltr'>olet3</span> 
     </span>
    </p>

    <p class='ocr_par' dir='ltr' id='par_1_9' title="bbox 136 1460 1610 1600">
     <span class='ocr_line' id='line_1_15' title="bbox 136 1460 1610 1523; baseline -0.001 -15"><span class='ocrx_word' id='word_1_92' title='bbox 136 1460 337 1508; x_wconf 78' lang='lat' dir='ltr'>Cantica</span> <span class='ocrx_word' id='word_1_93' title='bbox 377 1461 463 1522; x_wconf 87' lang='lat' dir='ltr'>qui</span> <span class='ocrx_word' id='word_1_94' title='bbox 503 1461 626 1520; x_wconf 89' lang='lat' dir='ltr'>Nili,</span> <span class='ocrx_word' id='word_1_95' title='bbox 670 1461 755 1523; x_wconf 88' lang='lat' dir='ltr'>qui</span> <span class='ocrx_word' id='word_1_96' title='bbox 796 1461 1040 1508; x_wconf 81' lang='lat' dir='ltr'>Gaditana</span> <span class='ocrx_word' id='word_1_97' title='bbox 1082 1466 1314 1518; x_wconf 87' lang='lat' dir='ltr'>susurrat,</span> <span class='ocrx_word' id='word_1_98' title='bbox 1586 1475 1610 1521; x_wconf 86' lang='lat'><strong>5</strong></span> 
     </span>
     <span class='ocr_line' id='line_1_16' title="bbox 199 1542 1427 1600; baseline -0.001 -12"><span class='ocrx_word' id='word_1_99' title='bbox 199 1543 297 1599; x_wconf 82' lang='lat' dir='ltr'>Qui</span> <span class='ocrx_word' id='word_1_100' title='bbox 333 1548 496 1589; x_wconf 87' lang='lat' dir='ltr'>movet</span> <span class='ocrx_word' id='word_1_101' title='bbox 535 1542 588 1589; x_wconf 92' lang='lat' dir='ltr'>in</span> <span class='ocrx_word' id='word_1_102' title='bbox 628 1544 788 1590; x_wconf 85' lang='lat' dir='ltr'>varios</span> <span class='ocrx_word' id='word_1_103' title='bbox 825 1543 1022 1589; x_wconf 84' lang='lat' dir='ltr'>brachia</span> <span class='ocrx_word' id='word_1_104' title='bbox 1063 1543 1195 1588; x_wconf 87' lang='lat' dir='ltr'>volsa</span> <span class='ocrx_word' id='word_1_105' title='bbox 1232 1542 1397 1588; x_wconf 89' lang='lat' dir='ltr'>modos</span> <span class='ocrx_word' id='word_1_106' title='bbox 1415 1559 1427 1600; x_wconf 79' lang='lat'><em>3</em></span> 
     </span>
    </p>

    <p class='ocr_par' dir='ltr' id='par_1_10' title="bbox 134 1622 1457 1763">
     <span class='ocr_line' id='line_1_17' title="bbox 134 1622 1252 1685; baseline 0 -17"><span class='ocrx_word' id='word_1_107' title='bbox 134 1622 275 1668; x_wconf 85' lang='lat' dir='ltr'>Inter</span> <span class='ocrx_word' id='word_1_108' title='bbox 314 1623 545 1668; x_wconf 85' lang='lat' dir='ltr'>femineas</span> <span class='ocrx_word' id='word_1_109' title='bbox 585 1628 691 1669; x_wconf 83' lang='lat' dir='ltr'>tota</span> <span class='ocrx_word' id='word_1_110' title='bbox 730 1623 816 1685; x_wconf 89' lang='lat' dir='ltr'>qui</span> <span class='ocrx_word' id='word_1_111' title='bbox 856 1624 963 1670; x_wconf 83' lang='lat' dir='ltr'>luce</span> <span class='ocrx_word' id='word_1_112' title='bbox 1000 1623 1252 1669; x_wconf 72' lang='lat' dir='ltr'>cathedras</span> 
     </span>
     <span class='ocr_line' id='line_1_18' title="bbox 201 1701 1457 1763; baseline -0.002 -17"><span class='ocrx_word' id='word_1_113' title='bbox 201 1701 402 1747; x_wconf 86' lang='lat' dir='ltr'>Desidet</span> <span class='ocrx_word' id='word_1_114' title='bbox 441 1707 590 1763; x_wconf 89' lang='lat' dir='ltr'>atque</span> <span class='ocrx_word' id='word_1_115' title='bbox 627 1701 791 1763; x_wconf 89' lang='lat' dir='ltr'>aliqua</span> <span class='ocrx_word' id='word_1_116' title='bbox 831 1717 1019 1763; x_wconf 85' lang='lat' dir='ltr'>semper</span> <span class='ocrx_word' id='word_1_117' title='bbox 1057 1701 1109 1746; x_wconf 89' lang='lat' dir='ltr'>in</span> <span class='ocrx_word' id='word_1_118' title='bbox 1149 1717 1265 1746; x_wconf 88' lang='lat' dir='ltr'>aure</span> <span class='ocrx_word' id='word_1_119' title='bbox 1305 1705 1457 1757; x_wconf 84' lang='lat' dir='ltr'>sonat,</span> 
     </span>
    </p>

    <p class='ocr_par' dir='ltr' id='par_1_11' title="bbox 134 1780 1613 1923">
     <span class='ocr_line' id='line_1_19' title="bbox 134 1780 1478 1842; baseline -0.001 -16"><span class='ocrx_word' id='word_1_120' title='bbox 134 1781 231 1837; x_wconf 80' lang='lat' dir='ltr'>Qui</span> <span class='ocrx_word' id='word_1_121' title='bbox 268 1781 386 1842; x_wconf 87' lang='lat' dir='ltr'>legit</span> <span class='ocrx_word' id='word_1_122' title='bbox 423 1781 536 1826; x_wconf 88' lang='lat' dir='ltr'>hinc</span> <span class='ocrx_word' id='word_1_123' title='bbox 575 1781 710 1827; x_wconf 87' lang='lat' dir='ltr'>illinc</span> <span class='ocrx_word' id='word_1_124' title='bbox 750 1781 918 1827; x_wconf 90' lang='lat' dir='ltr'>missas</span> <span class='ocrx_word' id='word_1_125' title='bbox 959 1781 1223 1842; x_wconf 76' lang='lat' dir='ltr'>scribitque</span> <span class='ocrx_word' id='word_1_126' title='bbox 1263 1780 1478 1837; x_wconf 81' lang='lat' dir='ltr'>tabellas,</span> 
     </span>
     <span class='ocr_line' id='line_1_20' title="bbox 200 1861 1613 1923; baseline -0.001 -17"><span class='ocrx_word' id='word_1_127' title='bbox 200 1861 358 1907; x_wconf 84' lang='lat' dir='ltr'>Pallia</span> <span class='ocrx_word' id='word_1_128' title='bbox 391 1861 540 1907; x_wconf 88' lang='lat' dir='ltr'>vicini</span> <span class='ocrx_word' id='word_1_129' title='bbox 583 1861 668 1923; x_wconf 92' lang='lat' dir='ltr'>qui</span> <span class='ocrx_word' id='word_1_130' title='bbox 707 1861 887 1922; x_wconf 86' lang='lat' dir='ltr'>refugit</span> <span class='ocrx_word' id='word_1_131' title='bbox 931 1861 1112 1920; x_wconf 78' lang='lat' dir='ltr'>cubiti3</span> <span class='ocrx_word' id='word_1_132' title='bbox 1557 1875 1613 1906; x_wconf 93' lang='lat'>10</span> 
     </span>
    </p>

    <p class='ocr_par' dir='ltr' id='par_1_12' title="bbox 133 1940 1612 2084">
     <span class='ocr_line' id='line_1_21' title="bbox 133 1940 1612 2004; baseline -0.001 -18"><span class='ocrx_word' id='word_1_133' title='bbox 133 1941 231 1997; x_wconf 80' lang='lat' dir='ltr'>Qui</span> <span class='ocrx_word' id='word_1_134' title='bbox 271 1942 375 1994; x_wconf 86' lang='lat' dir='ltr'>scit,</span> <span class='ocrx_word' id='word_1_135' title='bbox 415 1957 558 2003; x_wconf 88' lang='lat' dir='ltr'>quam</span> <span class='ocrx_word' id='word_1_136' title='bbox 600 1943 708 2004; x_wconf 87' lang='lat' dir='ltr'>quis</span> <span class='ocrx_word' id='word_1_137' title='bbox 744 1948 888 2000; x_wconf 89' lang='lat' dir='ltr'>amet,</span> <span class='ocrx_word' id='word_1_138' title='bbox 932 1943 1015 2004; x_wconf 89' lang='lat' dir='ltr'>qui</span> <span class='ocrx_word' id='word_1_139' title='bbox 1057 1958 1142 2003; x_wconf 89' lang='lat' dir='ltr'>per</span> <span class='ocrx_word' id='word_1_140' title='bbox 1180 1940 1404 1987; x_wconf 83' lang='lat' dir='ltr'>convivia</span> <span class='ocrx_word' id='word_1_141' title='bbox 1445 1940 1612 1998; x_wconf 85' lang='lat' dir='ltr'>currit,</span> 
     </span>
     <span class='ocr_line' id='line_1_22' title="bbox 201 2021 1301 2084; baseline 0 -18"><span class='ocrx_word' id='word_1_142' title='bbox 201 2021 406 2083; x_wconf 88' lang='lat' dir='ltr'>Hirpini</span> <span class='ocrx_word' id='word_1_143' title='bbox 445 2027 634 2068; x_wconf 85' lang='lat' dir='ltr'>veteres</span> <span class='ocrx_word' id='word_1_144' title='bbox 675 2022 759 2084; x_wconf 91' lang='lat' dir='ltr'>qui</span> <span class='ocrx_word' id='word_1_145' title='bbox 800 2023 922 2067; x_wconf 87' lang='lat' dir='ltr'>bene</span> <span class='ocrx_word' id='word_1_146' title='bbox 962 2022 1101 2067; x_wconf 89' lang='lat' dir='ltr'>novit</span> <span class='ocrx_word' id='word_1_147' title='bbox 1141 2021 1301 2067; x_wconf 68' lang='lat' dir='ltr'>avos’&#39;</span> 
     </span>
    </p>

    <p class='ocr_par' dir='ltr' id='par_1_13' title="bbox 134 2099 1612 2244">
     <span class='ocr_line' id='line_1_23' title="bbox 134 2099 1612 2160; baseline -0.002 -13"><span class='ocrx_word' id='word_1_148' title='bbox 134 2101 265 2157; x_wconf 81' lang='lat' dir='ltr'>Quid</span> <span class='ocrx_word' id='word_1_149' title='bbox 302 2103 499 2148; x_wconf 53' lang='lat' dir='ltr'>narrasss</span> <span class='ocrx_word' id='word_1_150' title='bbox 534 2102 623 2148; x_wconf 90' lang='lat' dir='ltr'>hoc</span> <span class='ocrx_word' id='word_1_151' title='bbox 662 2107 749 2160; x_wconf 85' lang='lat' dir='ltr'>est,</span> <span class='ocrx_word' id='word_1_152' title='bbox 788 2102 877 2148; x_wconf 91' lang='lat' dir='ltr'>hoc</span> <span class='ocrx_word' id='word_1_153' title='bbox 917 2107 988 2148; x_wconf 88' lang='lat' dir='ltr'>est</span> <span class='ocrx_word' id='word_1_154' title='bbox 1028 2102 1184 2156; x_wconf 86' lang='lat' dir='ltr'>hom0,</span> <span class='ocrx_word' id='word_1_155' title='bbox 1217 2100 1390 2157; x_wconf 83' lang='lat' dir='ltr'>Cotile‚</span> <span class='ocrx_word' id='word_1_156' title='bbox 1425 2099 1612 2145; x_wconf 67' lang='lat' dir='ltr'>bellus?</span> 
     </span>
     <span class='ocr_line' id='line_1_24' title="bbox 204 2180 1324 2244; baseline -0.004 -16"><span class='ocrx_word' id='word_1_157' title='bbox 204 2183 300 2228; x_wconf 86' lang='lat' dir='ltr'>Res</span> <span class='ocrx_word' id='word_1_158' title='bbox 336 2183 597 2244; x_wconf 85' lang='lat' dir='ltr'>pertricosa</span> <span class='ocrx_word' id='word_1_159' title='bbox 634 2189 719 2240; x_wconf 90' lang='lat' dir='ltr'>est,</span> <span class='ocrx_word' id='word_1_160' title='bbox 766 2183 937 2239; x_wconf 81' lang='lat' dir='ltr'>Cotile‚</span> <span class='ocrx_word' id='word_1_161' title='bbox 976 2182 1132 2227; x_wconf 88' lang='lat' dir='ltr'>bellus</span> <span class='ocrx_word' id='word_1_162' title='bbox 1170 2180 1324 2226; x_wconf 80' lang='lat' dir='ltr'>homo,</span> 
     </span>
    </p>
   </div>
   <div class='ocr_carea' id='block_1_5' title="bbox 766 2384 985 2431">
    <p class='ocr_par' dir='ltr' id='par_1_14' title="bbox 766 2384 985 2431">
     <span class='ocr_line' id='line_1_25' title="bbox 766 2384 985 2431; baseline 0.005 -1"><span class='ocrx_word' id='word_1_163' title='bbox 766 2384 985 2431; x_wconf 91' lang='lat' dir='ltr'>LXVII.</span> 
     </span>
    </p>
   </div>
   <div class='ocr_carea' id='block_1_6' title="bbox 266 2509 1148 2651">
    <p class='ocr_par' dir='ltr' id='par_1_15' title="bbox 266 2509 1148 2651">
     <span class='ocr_line' id='line_1_26' title="bbox 268 2509 1148 2572; baseline -0.005 -14"><span class='ocrx_word' id='word_1_164' title='bbox 268 2511 487 2565; x_wconf 83' lang='lat' dir='ltr'>Cessatis,</span> <span class='ocrx_word' id='word_1_165' title='bbox 531 2512 682 2572; x_wconf 81' lang='lat' dir='ltr'>pueri,</span> <span class='ocrx_word' id='word_1_166' title='bbox 722 2510 942 2571; x_wconf 86' lang='lat' dir='ltr'>nihilque</span> <span class='ocrx_word' id='word_1_167' title='bbox 983 2509 1148 2567; x_wconf 87' lang='lat' dir='ltr'>nostis,</span> 
     </span>
     <span class='ocr_line' id='line_1_27' title="bbox 266 2589 1090 2651; baseline -0.002 -14"><span class='ocrx_word' id='word_1_168' title='bbox 266 2591 486 2637; x_wconf 86' lang='lat' dir='ltr'>Vaterno</span> <span class='ocrx_word' id='word_1_169' title='bbox 525 2591 803 2651; x_wconf 80' lang='lat' dir='ltr'>Rasinaque</span> <span class='ocrx_word' id='word_1_170' title='bbox 843 2589 1090 2651; x_wconf 85' lang='lat' dir='ltr'>pigriores,</span> 
     </span>
    </p>
   </div>
  </div>
 </body>
</html>
