1732 2959
97 119 158 164 52
638 118 1022 167 MARTJALIS

692 267 977 313 XXXVII.

233 380 486 425 “Centum
524 381 741 426 Coranus
776 390 826 425 et
859 383 1067 426 ducenta
1102 379 1376 435 Mancinus,

230 460 463 505 Trecenta
497 460 639 506 debet
673 461 845 518 Titius,
882 460 971 506 hoc
1005 461 1080 505 bis
1115 459 1343 514 Albinus,

233 540 441 586 Deciens
477 539 686 585 Sabinus
721 540 1023 601 alterumque
1060 540 1325 596 Serranus5

233 618 310 664 Ex
345 619 514 664 insulis
550 619 810 680 fundisque
844 619 1041 664 triciens
1075 618 1278 673 soldum,

232 698 309 744 Ex
346 714 514 759 pecore
548 698 756 744 redeunt
790 704 866 743 ter
900 698 1085 744 ducena
1121 696 1371 743 Parmensi
1390 713 1398 742 ε
1417 697 1442 715 ”

231 777 367 822 Totis
402 778 586 835 diebus,
623 777 761 836 Afer,
802 778 891 823 hoc
927 778 1048 822 mihi
1083 792 1250 823 narras

234 857 299 902 Et
333 863 475 903 teneo
510 858 683 902 melius
718 858 825 914 ista,
864 874 1009 918 quam
1044 873 1205 902 meum
1239 872 1427 902 nomen.

233 937 473 982 Numeres
508 943 700 997 oportet
735 937 932 997 aliquid,
972 942 1028 982 ut
1061 937 1163 997 pati
1199 935 1408 996 possim:

233 1017 538 1062 Cotidianam
574 1018 712 1062 refice
747 1032 976 1061 nauseam
1011 1017 1233 1062 nummis.

234 1097 423 1143 Audire
457 1098 620 1158 gratis,
656 1097 796 1155 Afer,
836 1099 929 1142 ista
963 1113 1062 1142 non
1097 1112 1303 1157 possum.

714 1249 974 1294 XXXIX.

301 1365 514 1426 Argenti
547 1380 698 1425 genus
733 1380 872 1410 omne
909 1362 1208 1425 comparasti,

302 1443 370 1489 Et
404 1443 533 1489 solus
568 1448 756 1488 veteres
792 1443 1025 1503 Myronos
1060 1448 1200 1498 artes,

303 1523 443 1569 Solus
478 1523 756 1568 Praxitelus
792 1539 990 1568 manum
1027 1522 1313 1582 Scopaeque,

302 1604 439 1650 Solus
476 1603 697 1649 Phidiaci
731 1608 952 1649 toreuma
986 1588 1139 1657 caeli,

301 1685 440 1731 Solus
476 1685 754 1731 Mentoreos
788 1684 934 1729 habes
968 1683 1168 1729 labores.

301 1765 405 1810 Nec
440 1765 616 1809 desunt
649 1764 741 1809 tibi
776 1780 891 1809 vera
926 1763 1178 1819 Gratiana,

303 1844 352 1889 N
356 1860 406 1888 ec
441 1859 562 1904 quae
599 1843 805 1888 Callaico
840 1843 1065 1887 linuntur
1099 1857 1227 1898 auro,

300 1924 406 1969 Nec
441 1923 617 1969 mensis
651 1923 914 1983 anaglypta
947 1921 1007 1966 de
1042 1919 1270 1981 paternis.

304 2004 576 2064 Argentum
614 2008 777 2048 tamen
813 2003 940 2046 inter
975 2015 1117 2046 omne
1152 1999 1313 2055 miror,

306 2084 465 2139 Quare
500 2099 598 2129 non
632 2083 822 2138 habeas,
862 2081 1085 2137 Charine,
1124 2095 1312 2140 purum.

793 2245 902 2290 XL.

108 2359 256 2405 Atria
291 2358 524 2403 Pisonum
563 2358 760 2402 stabant
795 2372 905 2401 cum
940 2359 1192 2400 stemmate
1228 2359 1330 2397 toto

174 2440 241 2486 Et
276 2439 404 2484 docti
440 2438 646 2484 Senecae
682 2443 758 2482 ter
791 2435 1091 2481 numeranda
1126 2434 1330 2490 domus,

113 2520 436 2566 Praetulimus
471 2518 622 2564 tantis
657 2517 811 2562 solum
848 2522 910 2572 te,
950 2515 1193 2570 Postume,
1231 2511 1420 2572 regnis:

176 2600 366 2660 Pauper
401 2615 505 2644 eras
539 2603 588 2644 et
623 2613 780 2658 eques,
819 2597 901 2642 secl
938 2596 1057 2641 mihi
1093 2593 1257 2640 consul
1293 2607 1410 2637 eras.

1553 709 1575 753 Οἱ

1525 1113 1580 1141 ΙΟ

1529 2093 1583 2122 10
