1732 2959
773 107 903 154 LIB.
954 107 996 153 I.
1599 111 1625 157 9
1658 146 1665 156 .

843 369 937 416 VI.

147 476 408 523 Aetherias
441 476 606 538 aquila
640 492 843 536 puerum
880 482 1106 538 portante
1141 492 1228 537 per
1262 492 1405 522 auras

212 557 441 603 Illaesum
475 558 660 603 timidis
694 557 938 618 unguibus
972 557 1130 604 haesit
1165 574 1315 604 onus:

146 636 294 682 Nunc
327 653 413 682 sua
447 637 704 683 Caesareos
739 643 909 683 exorat
944 638 1121 698 praeda
1155 637 1316 684 leones

210 717 365 762 Tutus
400 722 449 762 et
482 716 673 777 ingenti
706 716 833 762 ludit
867 717 921 761 in
956 732 1036 762 ore
1078 717 1223 778 lepus.

145 795 280 850 Quae
314 796 495 841 maiora
529 801 670 856 putas
705 795 972 842 miracula?
1011 812 1227 841 summus
1263 795 1483 856 utrisque
1597 810 1619 856 5

208 876 398 920 Auctor
431 875 595 920 adest:
632 875 749 920 haec
785 879 902 920 sunt
939 875 1172 931 Caesaris,
1209 875 1294 920 illa
1330 874 1475 920 Iovis.

805 1144 929 1190 XH.
955 1168 974 1181 a

141 1272 252 1317 Itur
287 1270 348 1316 ad
383 1269 649 1315 Herculeas
684 1268 829 1329 gelidi
865 1284 960 1329 qua
997 1267 1194 1312 Tiburis
1228 1281 1359 1311 arces

208 1349 434 1410 Canaque
469 1348 741 1409 sulphureis
777 1347 962 1392 Albula
996 1347 1154 1392 fumat
1189 1347 1340 1407 aquis,

141 1430 278 1476 Rura
313 1443 579 1490 nemusque
613 1443 800 1473 sacrum
837 1427 1109 1488 dilectaque
1144 1427 1311 1487 iugera
1346 1425 1502 1472 Musis

208 1508 379 1569 Signat
412 1506 574 1552 vicina
610 1511 815 1566 quartus
848 1507 910 1552 ab
943 1507 1064 1552 urbe
1098 1506 1233 1568 lapis.

142 1587 242 1632 Hic
276 1586 411 1632 rudis
447 1585 655 1631 aestivas
689 1586 965 1646 praestabat
999 1587 1212 1648 porticus
1246 1586 1453 1644 umbras,
1595 1600 1617 1645 5

207 1667 323 1712 Heu
358 1682 503 1727 quam
538 1681 691 1727 paene
726 1682 907 1711 novum
942 1666 1155 1727 porticus
1188 1682 1306 1711 ausa
1340 1666 1495 1711 nefas!

142 1747 273 1792 Nam
308 1747 469 1792 subito
504 1745 711 1807 collapsa
745 1746 862 1802 ruit,
899 1762 1008 1791 cum
1043 1746 1168 1792 mole
1202 1746 1291 1792 sub
1325 1745 1410 1791 illa

204 1826 438 1873 Gestatus
471 1826 650 1887 biiugis
688 1825 906 1886 Regulus
942 1831 1067 1871 esset
1102 1826 1249 1887 equis.

140 1906 389 1952 Nimirum
424 1906 593 1951 timuit
627 1911 817 1952 nostras
853 1906 1072 1952 Fortuna
1104 1907 1354 1968 querellas,

205 1986 340 2042 Quae
373 2002 461 2048 par
494 1992 596 2032 tam
630 2003 830 2048 magnae
864 2002 962 2031 non
998 1991 1103 2032 erat
1136 1986 1361 2033 invidiae.
1562 2003 1619 2033 10

139 2066 287 2112 Nunc
321 2071 371 2112 et
405 2065 583 2111 damna
616 2065 790 2111 iuvant
799 2084 812 2125 3
849 2071 964 2112 sunt
998 2066 1103 2127 ipsa
1137 2065 1349 2127 pericula
1384 2064 1540 2110 tanti:

205 2145 398 2193 Stantia
432 2162 530 2191 non
565 2151 790 2207 poterant
823 2151 952 2192 tecta
986 2146 1189 2207 probare
1224 2145 1347 2191 deos.

812 2401 930 2448 XV.

140 2522 180 2568 O
217 2520 337 2566 mihi
371 2525 479 2582 post
513 2521 682 2580 nullos)
724 2522 838 2576 Iuli,
874 2521 1182 2568 memorande
1218 2519 1417 2577 sodales,

205 2602 258 2648 Si
292 2602 407 2663 quid
442 2602 585 2663 longa
619 2602 737 2648 fides
773 2618 985 2663 canaque
1020 2601 1129 2647 iura
1169 2601 1348 2656 valent,
