1732 2959
133 136 196 182 80
679 128 1068 176 MARTIALIS

730 291 1009 338 LXXXII.
1046 292 1057 325 ἵ

267 403 476 460 Quidam
510 417 587 447 me
621 401 775 459 modo,
816 400 958 458 Rufe,
996 399 1255 460 diligenter

265 483 560 543 Inspectum,
598 479 736 525 velut
769 483 958 539 emptor
991 483 1078 523 aut
1111 477 1302 534 lanista,

268 562 390 609 Cum
425 560 564 606 voltu
598 559 844 620 digitoque
879 558 1197 615 subnotasset,

271 639 452 685 “Tune
487 654 549 695 es,
587 639 746 683 tune’'
775 638 845 683 ait
871 637 996 683 “ille
1025 636 1282 694 Martialis,

267 720 418 766 Cuius
452 718 695 779 nequitias
729 719 952 779 iocosque
986 718 1138 775 novit,
1588 729 1612 775 5

266 800 456 844 Aurem
489 798 575 860 qui
610 797 751 843 modo
785 813 884 842 non
923 797 1070 842 habet
1105 796 1414 843 Boeotam‘l''

269 878 459 924 Subrisi
492 877 689 936 modice,
727 877 920 939 levique
956 882 1083 922 nutu

269 955 354 1002 Me
389 971 532 1017 quem
571 955 765 1002 dixerat
798 971 900 1002 esse
935 971 1036 1002 non
1070 956 1256 1016 negavi.

272 1040 299 1061 ‘⁴
318 1037 418 1082 Cur
453 1037 608 1096 ergo''
647 1035 811 1096 inquit
847 1035 1037 1081 “habes
1071 1035 1220 1081 malas
1260 1035 1548 1081 lacernas‘ff

271 1116 532 1178 Respondi,
571 1115 686 1177 quia
720 1131 828 1161 sum
861 1115 1017 1161 malus
1052 1121 1204 1177 poeta.
1561 1130 1617 1160 10

270 1197 380 1243 Hoc
415 1212 477 1242 ne
512 1195 701 1257 saepius
736 1195 922 1241 accidat
954 1201 1136 1257 poetae,

269 1274 456 1334 Mittas,
499 1274 642 1330 Rufe,
681 1273 801 1318 mihi
836 1274 984 1319 bonas
1018 1274 1244 1319 lacernas,

725 1437 1032 1486 LXXXIII.

207 1547 455 1603 Quantum
491 1545 694 1591 sollicito
728 1545 926 1591 fortuna
959 1544 1175 1606 parentis
1211 1544 1430 1603 Etrusco,

274 1629 501 1686 Tantum,
537 1643 722 1673 summe
757 1627 946 1685 ducum,
984 1627 1128 1672 debet
1162 1632 1367 1687 uterque
1401 1625 1505 1672 tibi.

206 1709 337 1755 Nam
371 1714 428 1754 tu
462 1708 610 1753 missa
643 1712 730 1753 tua
764 1706 1001 1753 revocasti
1034 1706 1242 1752 fulmina
1277 1706 1480 1751 dextra:

273 1790 381 1836 Hos
416 1804 640 1849 cuperem
674 1803 826 1833 mores
861 1787 1054 1848 ignibus
1089 1802 1189 1832 esse
1225 1785 1370 1832 Iovis.

209 1869 284 1916 Sit
317 1875 416 1927 tua,
455 1870 520 1915 sit
554 1884 753 1925 summo,
793 1868 980 1926 Caesar,
1018 1871 1195 1913 natura
1228 1866 1469 1913 Tonanti:
1595 1879 1618 1925 5

274 1950 463 1996 Utetur
496 1954 599 1994 toto
633 1948 840 1993 fulmine
874 1963 984 1993 rara
1019 1962 1192 1992 manus

208 2029 432 2076 Muneris
465 2028 555 2075 hoc
590 2033 852 2089 utrumque
886 2027 962 2073 tui
996 2031 1206 2072 testatur
1241 2025 1488 2083 Etruscus,

275 2109 394 2155 Esse
429 2108 558 2169 quod
593 2113 643 2154 et
678 2107 844 2154 comiti
878 2107 1083 2167 contigit
1117 2114 1167 2152 et
1201 2105 1376 2151 reduci.

738 2256 1009 2302 LXXXV.

212 2365 392 2411 Editur
426 2382 485 2411 en
521 2370 686 2411 sextus
721 2366 824 2411 sine
859 2371 908 2411 te
943 2365 1074 2421 mihi,
1115 2363 1248 2410 Rufe
1285 2363 1500 2422 Camoni,

277 2445 382 2490 Nec
416 2450 465 2490 te
500 2444 722 2489 lectorem
760 2449 932 2505 sperat,
972 2444 1136 2501 amice,
1178 2442 1310 2488 liber.

211 2524 371 2586 Impia
406 2523 740 2585 Cappadocum
776 2524 922 2570 tellus
957 2529 1006 2569 et
1040 2522 1239 2568 numine
1274 2522 1411 2567 laevo

277 2603 400 2649 Visa
434 2603 527 2649 tibi
561 2604 741 2649 cineres
777 2604 936 2648 reddit
970 2607 1020 2648 et
1055 2618 1159 2648 ossa
1193 2602 1331 2662 patri.
