1732 2959
712 104 841 151 LIB.
902 103 1010 151 VII.
1538 104 1596 153 87

739 263 967 312 XXVII.

188 391 366 436 Tuscae
401 387 588 450 glandis
623 402 738 447 aper
772 387 1029 448 populator
1063 393 1113 433 et
1147 386 1255 432 ilice
1290 386 1443 432 multa

254 469 361 513 Iam
397 467 543 528 piger,
579 464 787 511 Aetolae
821 464 953 511 fama
988 465 1198 512 secunda
1231 465 1376 520 ferae,

188 550 341 604 Quem
378 561 512 591 meus
546 545 754 590 intravit
789 545 1066 606 splendenti
1101 544 1297 606 cuspide
1333 544 1533 604 Dexter,

252 626 438 671 Praeda
471 625 594 671 iacet
628 625 809 670 nostris
844 623 1084 669 invidiosa
1119 623 1244 669 focis,

189 707 515 767 Pinguescant
549 702 730 748 madidi
766 702 893 747 laeto
928 702 1096 748 nidore
1131 706 1330 762 penates
1578 715 1601 762 5

256 785 452 846 Flagret
486 789 536 828 et
569 782 731 827 exciso
766 782 889 827 festa
924 782 1086 827 culina
1119 782 1244 843 iugo.

190 865 282 910 Sed
318 879 456 909 cocus
490 863 736 923 ingentem
772 860 952 921 piperis
987 865 1236 906 consumet
1271 875 1495 905 acervum

253 945 420 990 Addet
456 949 505 988 et
540 958 714 988 arcano
749 942 905 986 mixta
941 941 1148 986 Falerna
1182 957 1306 1002 garo.

190 1027 272 1071 Ad
308 1025 556 1070 dominun]
594 1022 770 1077 redeas,
808 1028 972 1066 noster
1006 1026 1055 1066 te
1091 1037 1189 1066 non
1224 1021 1352 1080 capit
1386 1019 1526 1081 ignis,

257 1105 581 1150 Conturbator
615 1120 756 1165 aper:
793 1101 938 1146 vilius
973 1101 1142 1146 esurio.
1551 1115 1607 1144 10

723 1251 984 1298 XXVIII.

127 1366 203 1411 Sic
239 1363 523 1409 Tiburtinae
560 1366 741 1408 crescat
775 1361 868 1406 tibi
903 1361 1026 1405 silva
1062 1359 1249 1404 Dianae

192 1446 258 1490 Et
292 1448 514 1505 properet
549 1457 739 1488 caesum
774 1456 913 1502 saepe
948 1439 1104 1485 redire
1138 1453 1322 1495 nemus,

126 1527 231 1571 Nec
266 1522 573 1569 Tartessiacis
610 1521 770 1567 Pallas
805 1525 903 1578 tua,
942 1519 1109 1577 Fusce,
1147 1517 1349 1579 trapetis

195 1605 346 1651 Cedat
380 1608 429 1649 et
464 1602 709 1648 immodici
745 1602 860 1647 dent
895 1601 1022 1646 bona
1056 1604 1217 1644 musta
1250 1598 1410 1653 lacus3

129 1685 206 1731 Sic
242 1685 343 1729 fora
378 1683 630 1738 mirentur,
670 1681 736 1726 sic
771 1687 820 1726 te
854 1679 1034 1740 palatia
1068 1677 1269 1723 laudent
1584 1688 1606 1735 5

195 1764 400 1810 Excolat
433 1768 484 1809 et
518 1761 731 1823 geminas
766 1759 976 1822 plurima
1009 1757 1170 1820 palma
1205 1757 1357 1802 fores:

131 1845 244 1892 Otia
280 1843 394 1887 dum
429 1841 616 1887 medius
651 1844 866 1901 praestat
899 1838 993 1883 tibi
1026 1852 1174 1899 parva
1210 1835 1488 1892 December,

197 1923 365 1983 Exige,
403 1922 487 1967 sed
522 1926 664 1977 certa,
705 1936 823 1981 quos
858 1919 991 1980 legis,
1028 1933 1145 1964 aure
1179 1917 1317 1963 iocos,

134 2002 308 2048 “Scire
343 2001 462 2046 libet
496 2001 700 2045 verum?
738 2015 814 2044 res
850 2003 922 2044 est
956 1998 1074 2043 haec
1108 1995 1301 2042 ardua.''
1373 1994 1468 2041 Sed
1500 1999 1556 2040 tu

198 2082 338 2138 Quod
373 2081 466 2126 tibi
499 2080 575 2125 vis
610 2080 717 2136 dici,
756 2079 926 2136 dicere,
963 2078 1128 2131 Fusce,
1165 2081 1310 2138 poteS.
1554 2092 1612 2121 10

761 2217 971 2264 XXXI.

335 2330 527 2374 Raucae
561 2326 739 2373 chortis
773 2340 885 2370 aves
919 2330 969 2370 et
1003 2339 1094 2370 ova
1133 2327 1346 2368 matrum

334 2409 401 2454 Et
435 2408 583 2453 flavas
617 2406 775 2451 medio
811 2419 985 2465 vapore
1021 2403 1177 2459 Chias,

335 2489 401 2534 Et
436 2488 589 2533 fetum
624 2485 851 2547 querulae
885 2484 1056 2529 rudem
1091 2482 1313 2544 capellae,

337 2569 441 2614 Nec
475 2568 573 2613 iam
606 2566 867 2626 frigoribus
901 2579 1039 2626 pares
1074 2563 1238 2618 olivas,
